1820 3126
547 119 836 157 Lucubrationes
861 120 1146 167 Syro-Graecae.
1538 121 1623 163 437

69 237 109 275 in
136 235 341 286 Syriacum
369 246 580 274 conversos
606 233 760 273 collatis
787 233 1080 283 exemplaribus
1101 232 1261 273 Graecis
1287 233 1558 274 emendavisse
1584 236 1624 273 et

71 295 268 335 distinctis
288 295 473 334 discolori
492 295 725 341 atramento,
752 305 851 344 quae
873 294 921 331 ad
941 293 1107 333 verbum
1128 306 1148 332 e
1167 294 1305 344 lingua
1324 293 1474 332 Graeca
1493 296 1620 332 trans-

68 357 150 395 lata
175 355 320 405 essent,
349 366 527 404 quaeque
554 353 603 392 ab
629 353 846 402 interprete
867 351 966 403 Syro
992 352 1139 401 addita,
1166 354 1396 403 adiectaque
1415 353 1519 392 inter
1545 352 1620 391 sin-

66 415 180 466 gulas
206 414 331 453 lineas
357 412 611 452 adnotatione
637 411 773 451 critica
798 412 925 450 denuo
951 407 1213 467 edidisse.449)
1257 413 1360 451 Illud
1381 424 1487 462 sane,
1514 413 1618 462 quod

66 474 270 526 Honainus
297 475 338 512 et
362 472 530 511 Iacobus
559 472 602 510 in
626 471 888 510 retractandis
913 473 1093 510 veterum
1118 472 1366 512 versionibus
1392 472 1619 520 effecerunt,

65 547 114 573 ne
140 533 350 573 voluerunt
374 532 533 583 quidem
559 531 713 570 efficere
738 530 921 570 monachi
946 531 1017 579 illi,
1046 532 1114 581 qui
1140 544 1218 583 sex,
1243 533 1291 571 de
1317 531 1460 582 quibus
1488 531 1621 581 dispu-

64 595 207 640 tamus,
228 592 428 632 versiones
448 591 777 638 retractaverunt,
796 603 922 640 neque
943 590 976 629 si
994 591 1215 630 voluissent
1234 591 1401 639 efficere,
1421 592 1619 641 poterant,

65 666 152 692 cum
191 653 369 702 exempla
402 651 554 690 Graeca
589 649 802 689 manifesto
840 650 951 688 nulla
988 651 1223 689 conferrent.
1287 651 1342 689 Ut
1378 651 1621 689 retractandi

66 712 240 751 laborem
274 711 535 762 susciperent,
571 709 822 760 potissimum
860 710 900 748 in
931 722 1051 748 causa
1082 710 1240 749 videtur
1270 710 1394 749 fuisse
1428 711 1620 749 memoria

64 771 288 812 versionum
307 774 462 809 mature
482 772 681 820 corrupta.
718 770 796 808 Res
816 769 944 808 elucet
963 783 1011 809 ex
1029 782 1086 818 eo,
1113 771 1216 821 quod
1237 772 1278 808 et
1296 770 1501 819 plurimae,
1521 782 1619 820 quas

63 845 100 882 p.
127 832 211 870 412
232 844 263 870 s.
304 829 548 878 enumeravi,
591 829 918 879 interpolationes
962 830 1001 868 in
1044 829 1285 880 corrigendis
1328 830 1618 879 explicandisve

65 891 162 930 locis
187 890 383 941 corruptis
409 891 619 928 versantur
649 891 690 928 et
713 889 755 927 in
780 890 959 928 versione
986 889 1113 928 libelli
1140 889 1189 928 de
1213 888 1432 928 cohibenda
1455 889 1516 927 ira
1540 902 1619 928 non

62 951 195 990 nullae
227 949 447 989 sententiae
480 950 573 987 sunt
604 948 655 987 ab
687 949 865 998 exemplo
898 947 1047 987 Graeco
1078 961 1242 998 prorsus
1274 948 1445 997 alienae,
1475 948 1617 998 quibus

63 1009 309 1060 interpositis
333 1009 433 1048 illud
457 1009 697 1047 retractator
714 1008 875 1048 videtur
898 1008 1039 1060 egisse,
1064 1011 1110 1047 ut
1129 1009 1362 1048 lacunosum
1381 1009 1617 1058 exemplaris

64 1070 139 1110 sibi
164 1069 357 1120 propositi
382 1068 609 1108 contextum
642 1067 754 1117 quasi
779 1062 1082 1121 resarciret.4⁵⁰)
1131 1068 1207 1107 Sed
1235 1081 1314 1107 non
1339 1068 1436 1107 satis
1468 1068 1615 1106 habue-

61 1131 155 1168 runt
179 1129 417 1168 recentiores
443 1127 624 1167 monachi
642 1127 890 1167 versionibus
911 1127 1112 1179 Sergianis
1138 1141 1210 1178 pro
1229 1128 1337 1167 virili
1356 1128 1468 1178 parte
1489 1141 1616 1166 emen-

60 1189 174 1228 datis.
236 1188 315 1227 Ubi
345 1186 607 1227 retractandis
639 1187 931 1237 exemplaribus
963 1187 1137 1238 antiquis
1173 1200 1313 1226 manus
1346 1188 1615 1236 admoverunt,

59 1248 158 1287 illud
184 1248 304 1287 etiam
331 1247 569 1287 studuerunt
595 1247 761 1297 efficere,
787 1249 834 1285 ut
859 1247 1037 1295 sublatis,
1064 1259 1165 1297 quae
1190 1248 1254 1287 vel
1273 1247 1505 1298 religionem
1532 1248 1614 1286 lae-

0 1297 2 1300 *
59 1309 198 1347 derent
220 1308 285 1347 vel
309 1307 515 1346 intellectu
541 1309 674 1345 essent
699 1306 940 1357 difficiliora,
973 1306 1190 1346 orationem
1222 1307 1272 1345 ad
1305 1306 1613 1357 intelligentiam

0 1391 6 1410 ς
59 1368 282 1418 aequalium
314 1366 624 1406 accomodarent.
690 1365 801 1412 Quod
834 1366 1009 1404 studium
1041 1369 1349 1405 consentaneum
1382 1368 1443 1405 est
1478 1379 1616 1416 proce-

0 1459 2 1464 1
58 1428 174 1466 dente
198 1429 375 1477 tempore
400 1426 529 1476 magis
554 1425 780 1465 invaluisse.
830 1425 989 1476 Itaque,
1021 1439 1098 1476 quo
1125 1426 1251 1465 serius
1278 1438 1459 1476 quaeque
1485 1426 1613 1465 versio

0 1501 3 1518 1
57 1489 273 1526 retractata
299 1487 376 1537 est,
408 1498 453 1525 00
480 1486 662 1535 pluribus
689 1487 729 1524 et
753 1485 1076 1525 insolentioribus
1110 1488 1236 1525 scatet
1267 1485 1613 1524 immutationibus

0 1558 2 1569 1
57 1546 422 1597 omissionibusque.
467 1545 695 1584 Plutarchei
721 1546 855 1583 autem
875 1545 923 1583 de
941 1545 1001 1584 ira
1019 1545 1146 1584 libelli
1165 1545 1386 1595 exemplum
1407 1544 1613 1596 Syriacum

57 1608 316 1646 retractatum
340 1607 388 1644 ut
411 1606 496 1644 tam
519 1605 638 1654 longe
664 1604 714 1643 ab
737 1605 916 1654 exemplo
937 1604 1088 1644 Graeco
1114 1605 1361 1656 abhorreret,
1387 1617 1432 1643 eo
1459 1618 1613 1655 quoque

56 1667 205 1705 factum
231 1669 310 1714 est,
341 1664 420 1703 nisi
450 1664 585 1712 fallor,
617 1665 722 1715 quod
753 1665 902 1716 versio,
935 1677 1022 1703 cum
1055 1666 1230 1704 extremo
1256 1665 1340 1704 loco
1374 1664 1520 1714 scripta
1552 1677 1615 1703 ex-

59 1728 198 1776 staret,
223 1727 262 1763 in
281 1724 413 1764 codice
439 1723 693 1770 retractatori
711 1723 915 1773 proposito
933 1724 1105 1775 pessime
1125 1726 1213 1763 erat
1230 1724 1379 1763 habita.
1424 1724 1614 1763 Extremo

58 1787 193 1824 autem
224 1785 310 1823 loco
342 1796 430 1823 eam
455 1783 643 1833 scriptam
674 1783 799 1822 fuisse
831 1784 1000 1833 probant
1030 1784 1162 1834 capita
1187 1783 1339 1822 Graeca
1364 1783 1614 1822 XIV—XVI

58 1845 215 1884 omissa.
243 1866 296 1871 —
323 1844 446 1883 Porro
476 1856 522 1882 ex
546 1842 609 1882 his
633 1845 747 1893 patet
770 1842 971 1882 versiones
997 1843 1257 1883 Plutarcheas
1291 1856 1370 1882 non
1402 1856 1449 1882 ex
1476 1845 1614 1882 eodem

59 1905 189 1943 codice
215 1917 335 1942 manu
361 1903 487 1953 sripto
512 1903 795 1954 transscriptas
822 1916 907 1942 esse
933 1905 1053 1953 atque
1078 1905 1298 1954 versiones,
1333 1916 1434 1954 quae
1464 1903 1505 1941 in
1530 1904 1614 1942 cod.

57 1976 157 2003 mus.
177 1964 274 2002 Brit.
299 1964 439 2002 17209
468 1965 700 2013 sequuntur,
724 1962 891 2002 Luciani
915 1965 956 2002 et
981 1963 1202 2003 Themistii.
1245 1963 1384 2012 Neque
1411 1963 1514 2001 enim
1541 1966 1614 2014 est,

57 2024 161 2075 quod
185 2025 370 2074 putemus
394 2022 614 2070 librarium,
640 2022 708 2072 qui
732 2023 845 2060 illum
871 2023 1042 2062 codicem
1068 2023 1239 2074 scripsit,
1267 2022 1446 2062 ordinem
1470 2023 1613 2062 codicis

58 2083 133 2122 sibi
151 2083 344 2134 propositi
363 2082 651 2120 immutavisse.
690 2081 839 2128 Quodsi
858 2095 937 2121 11011
957 2095 1003 2121 ex
1022 2083 1159 2122 eodem
1174 2082 1304 2122 codice
1324 2083 1613 2132 transscriptae

37 2140 167 2193 sunt,
198 2155 248 2181 ne
279 2143 516 2181 retractatas
549 2141 708 2191 quidem
740 2142 791 2180 ab
824 2143 960 2180 eodem
991 2142 1151 2181 homine
1177 2154 1263 2181 esse
1293 2141 1498 2181 versiones
1523 2142 1614 2180 Plu-

61 2201 189 2240 tarchi
214 2202 255 2240 et
278 2201 442 2240 Luciani
464 2201 751 2251 Themistiique
775 2201 936 2251 probari
960 2204 1106 2252 potest.
1151 2201 1266 2240 Tres
1292 2201 1448 2251 igitur
1473 2202 1611 2240 mini—

55 2274 175 2299 mum
205 2262 560 2299 retractatores
591 2260 958 2300 internoscendi
989 2264 1111 2301 sunt.
1160 2261 1349 2300 Primus
1380 2273 1459 2300 non
1484 2261 1612 2300 multo

57 2323 146 2371 post
169 2322 338 2359 mortem
360 2319 490 2370 Sergii
513 2321 748 2359 retractavit
772 2321 992 2360 versionem
1019 2320 1259 2359 orationis
1279 2320 1610 2370 Demoniceae,

54 2379 181 2419 alter
198 2379 401 2419 versiones
422 2379 623 2418 Luciani
642 2381 689 2419 et
709 2379 983 2430 Themistii,
1009 2380 1190 2419 tertius
1216 2380 1386 2431 denique
1406 2392 1485 2429 eas,
1511 2393 1611 2431 quae

54 2440 127 2478 sub
156 2439 314 2478 nomine
346 2437 600 2478 Plutarchi
636 2438 816 2490 proditae
852 2441 957 2479 sunt.
1007 2440 1214 2480 Postremo
1252 2440 1358 2479 enim
1394 2439 1611 2490 versiones,

0 2535 2 2539 ,
57 2511 156 2548 quae
182 2498 376 2548 feruntur,
402 2498 627 2537 libellorum
646 2498 972 2538 Plutarcheorum
1000 2501 1238 2539 retractatas
1265 2511 1351 2538 esse
1376 2499 1467 2537 inde
1493 2511 1610 2549 appa·

56 2559 156 2607 rent,
181 2557 286 2608 quod
303 2570 525 2608 perpaucae
550 2557 591 2595 in
609 2557 700 2597 illas
718 2560 811 2608 post
828 2559 1152 2598 retractationem
1171 2558 1419 2608 corruptelae
1439 2559 1608 2609 irrepse-

57 2619 160 2657 runt.
203 2617 267 2656 Ita
291 2617 396 2656 enim
420 2617 520 2655 illud
541 2629 695 2668 quoque
714 2616 831 2657 facile
851 2618 1040 2668 explicari
1058 2620 1204 2669 potest,
1229 2618 1345 2669 quod,
1372 2618 1404 2656 si
1429 2618 1608 2668 integrae

0 2701 2 2703 >
57 2676 257 2717 versiones
283 2679 465 2716 servatae
491 2677 634 2724 essent,
660 2677 848 2726 explicari
873 2678 1030 2717 omnino
1053 2691 1132 2717 non
1150 2679 1319 2727 poterat,
1345 2676 1504 2727 scilicet,
1530 2690 1607 2727 quo

59 2736 215 2787 longius
240 2748 419 2787 quaeque
445 2735 575 2776 versio
601 2735 651 2774 ab
678 2737 856 2787 exemplo
877 2736 1025 2778 Graeco
1050 2737 1263 2788 recederet,
1289 2749 1333 2775 eo
1353 2737 1607 2787 paucioribus

57 2795 348 2846 lenioribusque
374 2795 525 2835 mendis
551 2796 714 2835 scatere.
758 2796 948 2848 Denique,
976 2797 1007 2836 si
1034 2798 1337 2836 retractatorum
1359 2809 1499 2835 manus
1519 2809 1606 2846 per-

57 2866 195 2904 pessae
221 2857 315 2894 sunt
339 2855 558 2906 versiones,
591 2854 712 2894 etiam
742 2855 842 2895 illud
873 2856 989 2896 facile
1014 2856 1145 2906 potuit
1169 2855 1362 2906 accidere,
1394 2858 1439 2895 ut
1463 2869 1606 2895 nomen

57 2914 281 2965 interpretis
306 2914 498 2954 interiret.
