1820 3126
529 119 820 155 Lucubrationes
846 117 1130 165 Syro-Graecae.
1523 119 1610 161 443

54 233 216 273 aliena
238 232 414 284 fuisse,
446 244 548 283 quae
572 232 615 271 in
639 231 836 271 codicibus
862 230 1023 271 Graecis
1049 232 1218 272 servatis
1242 233 1450 283 leguntur,
1474 232 1540 272 vel
1564 245 1610 272 eo

53 293 238 344 apparet,
267 291 373 342 quod
398 292 696 342 quatuordecim
720 291 836 339 locis,
868 303 970 342 quae
994 291 1035 330 in
1060 292 1257 331 codicibus
1283 294 1421 331 contra
1440 292 1610 331 auctori-

53 355 178 392 tatem
210 351 401 391 versionis
429 351 615 401 Syriacae
646 352 845 401 feruntur,
877 350 912 390 si
943 353 1125 390 accurate
1151 354 1393 402 spectamus,
1425 351 1612 391 videntur

55 424 140 452 esse
166 412 362 461 suspecta.
410 410 470 449 Ac
493 411 667 461 primum
692 410 851 462 quidem

168 470 263 509 XIV
284 471 311 509 4
326 482 356 510 s.
381 483 456 510 om.
483 470 509 508 S
542 467 696 509 τούτου
729 465 768 508 δ’
792 466 1006 519 ἐπιτύχοι(
1033 466 1069 508 εἰ
1094 467 1240 519 λήγοις
1264 469 1352 509 τῶν
1377 466 1526 509 πόνων
1552 466 1613 509 ἔτι

54 530 205 571 πονεῖν
248 526 504 579 δυνάμενος,
548 542 650 580 quae
693 529 905 568 manifesto
944 542 1030 568 cum
1071 529 1270 568 sententia
1307 529 1382 569 loci
1418 532 1611 580 pugnant.

23 599 25 603 ·
53 590 190 640 Neque
224 590 328 628 enim
357 589 557 639 prioribus
588 589 687 638 illis,
718 590 769 628 ad
802 602 904 639 quae
928 586 1085 628 τούτου
1110 589 1333 628 necessario
1358 590 1610 628 referendum

19 664 26 670 ·’
53 651 130 700 est,
163 649 203 688 id
233 650 379 700 agebat
410 648 598 699 scriptor,
630 651 693 697 ut,
726 661 774 687 ne
803 649 909 688 iusto
941 648 1092 687 diutius
1118 649 1248 688 labori
1273 651 1314 687 et
1339 649 1610 688 exercitationi

49 709 362 757 incumberetur,
392 711 588 760 moneret,
617 721 759 748 verum
791 711 854 760 ut,
884 721 986 759 quae
1019 707 1178 747 omnino
1213 709 1514 748 exercitationes
1541 708 1608 747 eli-

53 769 204 819 gendae
230 770 373 819 essent,
398 770 621 819 exponeret.
671 767 748 814 Qui
772 780 867 807 vero
892 769 1069 818 praeciso
1095 767 1243 807 laboris
1268 770 1446 818 tempore
1471 769 1513 806 in
1541 768 1611 807 eli·

51 827 178 879 gendo
210 829 375 877 optimo,
408 828 593 878 quodque
623 824 797 877 μάλιςτα
828 826 936 877 πρὸς
967 826 1045 877 τὴν
1075 824 1238 875 ὑγιείαν
1272 827 1341 877 sit,
1372 840 1519 878 genere
1550 841 1613 867 ex-

56 887 332 927 ercitationum
356 888 524 926 maxime
550 887 793 938 proficiatur,
819 888 1002 938 equidem
1027 900 1170 938 parum
1194 882 1476 941 perspicio.⁵¹³)

169 947 239 986 Bis
264 948 400 998 aliqua
425 947 619 987 sermonis
639 947 845 986 scabrities
865 947 969 986 inest
988 948 1030 985 in
1051 946 1182 986 verbis
1203 959 1228 985 a
1246 947 1426 986 versione
1448 947 1613 998 Syriaca

53 1005 203 1046 alienis.

168 1066 279 1104 XXV
299 1067 371 1105 48.
403 1079 478 1106 om.
505 1065 531 1104 S
562 1063 630 1105 καὶ
662 1066 738 1115 τῆς
772 1063 820 1105 ἐν
853 1066 944 1106 τοῖς
969 1063 1180 1105 κινδύνοις
1206 1062 1447 1118 κοινωνίας,
1478 1067 1547 1105 ubi
1572 1067 1614 1105 in

57 1125 256 1165 codicibus
281 1125 443 1164 Graecis
473 1138 616 1176 parurn
649 1126 853 1176 eleganter
882 1126 988 1165 inter
1020 1138 1062 1165 se
1092 1126 1314 1176 iunguntur
1345 1121 1512 1174 ἀτυχία,
1545 1126 1614 1176 qui

54 1187 116 1225 est
139 1187 246 1224 vitae
271 1185 430 1236 quidem
456 1186 586 1224 status
612 1186 714 1234 eius,
747 1185 811 1224 cui
836 1185 952 1224 amici
976 1185 1171 1235 probandi
1197 1187 1307 1237 sunt,
1333 1188 1373 1224 et
1397 1182 1611 1235 κοινωνία,

53 1257 152 1295 quae
178 1247 266 1283 tota
290 1258 314 1284 a
338 1245 613 1285 voluntatibus
639 1246 854 1284 amicorum
879 1239 1113 1298 pendet.⁵¹4)

172 1304 303 1344 XLVI
324 1306 348 1345 6
376 1317 451 1344 om.
473 1304 499 1344 S
526 1301 658 1344 αὑτοῦ
682 1317 898 1355 pronomen
917 1305 1160 1354 reflexivum,
1185 1304 1290 1354 quod
1309 1304 1485 1355 aliquam
1506 1307 1614 1344 certe

55 1364 243 1403 duritiem
262 1364 304 1403 in
323 1377 365 1403 se
378 1365 510 1412 habet,
530 1377 619 1403 cum
632 1365 788 1403 nullum
801 1365 866 1413 sit,
886 1365 935 1403 ad
950 1365 1055 1416 quod
1068 1364 1280 1414 referatur,
1300 1359 1612 1417 subiectum.⁵¹⁵)

170 1423 240 1463 Bis
265 1424 476 1464 verborum
501 1424 551 1463 ab
577 1425 804 1475 apographo
829 1424 959 1476 Sergii
983 1424 1204 1464 alienorum
1230 1424 1340 1463 100118
1364 1425 1500 1463 nullus
1526 1426 1614 1464 erat

0 1483 14 1520 3'
52 1483 94 1522 in
125 1495 189 1532 ea,
224 1496 342 1535 quam
374 1484 648 1534 apographum
681 1484 912 1534 exhibebat,
950 1484 1149 1534 scriptura
1178 1484 1336 1524 diversa
1367 1496 1391 1523 a
1421 1484 1614 1524 memoria

0 1575 6 1595 ,τ
53 1543 241 1595 codicum,
266 1543 335 1593 qm·
361 1545 534 1582 aetatem
557 1544 749 1592 tulerunt,
775 1544 925 1583 scilicet

173 1602 226 1640 LI
249 1604 273 1642 3
300 1603 583 1642 vocabulorum
607 1601 660 1642 τὰ
687 1598 968 1657 βέλτιςταωὸ),

171 1662 226 1700 LI
244 1663 271 1701 4
296 1662 405 1702 vocis
431 1658 586 1701 ἄλλων.
596 1657 666 1714 ⁵¹⁷)
1492 1706 1505 1717 .

173 1722 243 1760 Β18
263 1722 658 1772 interpretamentum
679 1723 840 1772 sapiunt
858 1723 981 1762 verba
1000 1723 1041 1761 in
1060 1724 1238 1762 versione
1253 1722 1417 1773 Syriaca
1436 1725 1612 1773 praeter-

0 1783 3 1820 ἶ
55 1780 187 1831 missa,
211 1781 398 1820 nimirum

171 1840 303 1879 XXIV
323 1842 348 1880 3
370 1853 398 1880 s.
433 1841 555 1881 verba
591 1837 684 1880 οἷος
719 1839 788 1880 καὶ
824 1839 921 1891 περὶ
958 1838 1145 1881 ἐκείνους
1177 1839 1350 1890 γέγονε,
1389 1854 1490 1893 quae
1522 1842 1614 1881 addi

0 1902 4 1950 ξ
54 1902 237 1950 poterant
262 1900 311 1939 ab
336 1901 631 1952 interpolatore,
657 1901 726 1951 qui
749 1901 850 1940 illud
874 1901 1070 1941 τοιοῦτος
1095 1901 1244 1940 nudum
1270 1902 1446 1951 positum
1472 1915 1614 1952 parum

0 1953 6 1974 ³*
55 1955 407 2011 intellexisset518),

171 2019 339 2058 XXXIV
359 2020 386 2058 4
407 2032 436 2059 8.
467 2020 591 2060 verba
620 2017 728 2069 ἡγοῦ
761 2016 980 2069 κράτιςτον
1013 2017 1120 2060 εἶναι
1146 2018 1262 2069 παρὰ
1287 2018 1364 2069 μὲν
1388 2020 1477 2060 τῶν
1502 2021 1615 2061 θεῶν

57 2074 270 2127 εὐτυχίαν,
297 2076 413 2128 παρὰ
438 2075 475 2118 δ’
498 2077 617 2128 ἡμῶν
643 2077 786 2119 αὐτῶν
812 2076 1055 2130 εὐβουλίαν,
1089 2093 1190 2130 quae
1216 2093 1304 2119 cum
1330 2093 1434 2119 nexu
1460 2084 1615 2120 senten-

57 2138 200 2177 tiarum
227 2151 370 2189 parum
395 2141 482 2178 arte
507 2139 719 2178 cohaerent
742 2152 872 2189 neque
897 2139 1084 2179 videntur
1108 2140 1186 2179 nisi
1206 2136 1428 2190 εὐβουλία(
1447 2153 1614 2180 comme-

0 2186 2 2254 ,
58 2200 234 2237 moratae
259 2198 391 2249 gratia
415 2198 553 2237 addita
577 2193 748 2249 esse.⁵¹⁹)

174 2257 390 2308 Quinquies
410 2258 539 2308 magis
559 2259 749 2298 concinna
766 2259 864 2296 mihi
882 2259 1042 2298 videtur
1055 2259 1276 2310 apographi
1291 2259 1472 2310 Sergiani
1486 2260 1613 2299 oratio

0 2307 5 2338 3-
57 2317 98 2355 et
131 2317 259 2367 magis
284 2317 551 2367 responsionis
576 2320 784 2357 accuratae
810 2318 958 2366 studio,
991 2319 1094 2369 quod
1118 2322 1203 2358 tam
1228 2319 1269 2357 in
1294 2319 1469 2358 Isocrate
1496 2332 1615 2369 quam

57 2375 98 2414 in
130 2378 291 2416 auctore
326 2376 516 2415 orationis
547 2377 806 2417 Demoniceae
838 2379 1094 2428 conspicuum
1128 2381 1207 2429 est,
1241 2390 1463 2428 congruens
1494 2392 1613 2429 quam

57 2435 233 2474 codicum
257 2439 497 2487 nostrorum,
523 2436 679 2476 omissis
705 2436 855 2476 scilicet

171 2495 247 2534 XII
269 2497 323 2534 10
349 2489 586 2547 ἄλλοιςῧῖθ),

171 2554 308 2593 XVIII
330 2556 355 2594 8
382 2549 702 2605 μανθάνεινῧῖῑ),

170 2613 280 2652 XXX
300 2615 324 2653 3
351 2609 732 2667 mereuee'vrec522),

171 2673 280 2712 xxx
300 2674 325 2714 5
351 2671 400 2713 ἐν
424 2674 485 2726 τῷ
513 2667 681 2727 sumn),

174 2732 242 2771 XL
264 2734 287 2771 2
315 2727 560 2785 ςαυτοῦ.524)

175 2791 287 2838 Quod
312 2792 430 2831 XVII
451 2794 475 2832 5
498 2805 527 2831 8.
560 2791 586 2830 S
618 2792 829 2832 omittebat
858 2793 982 2834 verba
1013 2790 1049 2832 εἰ
1075 2789 1266 2842 φαίνοιο,
1299 2795 1496 2844 scriptura
1521 2795 1612 2845 Syri

57 2862 173 2900 qnam
206 2852 377 2891 maxime
409 2852 689 2902 comprabatur
718 2852 861 2892 collato
886 2853 972 2892 loco
999 2852 1128 2891 XXXI
1150 2854 1171 2891 1
1201 2849 1440 2901 ὁμιλητικὸς
1464 2850 1502 2892 δ’
1527 2851 1610 2893 ἔςει

58 2907 111 2959 μὴ
147 2907 308 2960 δύςερις
341 2908 421 2960 ὢν,
457 2911 529 2950 ubi
561 2912 643 2950 sive
675 2913 900 2952 nostrorum
932 2912 1110 2952 codicum
1141 2912 1224 2952 sive
1253 2912 1397 2952 codicis
1422 2925 1448 2952 a
1471 2913 1609 2964 Sergio
