1820 3126
207 144 294 187 396
826 151 869 188 A.
891 151 1122 189 Baumstark.
1114 168 1122 176 ·

209 259 357 296 matore
382 270 460 297 non
479 271 525 298 ex
545 272 661 308 opere
680 259 805 311 Sergii
824 263 994 312 excerpti
1014 266 1144 303 essent
1163 264 1232 303 sed
1250 265 1340 304 novi
1361 266 1512 305 adiecti.
1551 265 1732 317 Sergium

208 328 300 355 vero
338 316 466 383 ipsum
504 318 722 357 universam
760 321 983 371 eclogarum
1016 322 1310 388 dispositionem
1339 323 1380 362 in
1410 325 1597 364 vertendo
1628 325 1731 364 dele-

202 374 321 423 visse,
352 375 400 414 iis
434 376 666 414 credendum
691 378 928 428 relinquam,
963 380 994 418 si
1020 381 1085 430 qui
1110 380 1210 419 forte
1235 381 1340 420 illius
1366 382 1591 432 interpretis
1616 383 1729 422 fidem

201 435 403 483 artemque
439 446 577 483 parum
615 436 811 485 cognitam
844 437 1076 477 habuerunt.
1140 437 1284 478 Contra
1320 452 1405 479 eam
1442 441 1650 489 rationem,
1687 445 1731 480 ut

200 491 311 530 libris
331 491 489 531 Graecis
509 505 533 531 a
553 505 594 531 se
613 492 771 543 Syriaco
790 495 919 545 editis,
940 497 1213 546 supplementa
1231 498 1403 537 adiceret
1421 511 1467 537 ex
1485 500 1562 538 alio
1582 499 1729 539 Graeco

200 549 308 588 fonte
339 550 481 589 hausta
510 551 574 590 vel
605 563 706 591 nova
730 565 754 591 a
778 564 819 592 se
844 554 1077 605 composita,
1114 555 1274 605 Sergius
1300 557 1419 595 etiam
1442 557 1482 596 in
1507 557 1664 596 Ahrone
1690 560 1730 596 et

200 606 348 646 Galeno
379 609 579 659 ingressus
610 612 681 649 est.
730 611 900 651 Ahronis
934 624 1098 651 canones
1131 626 1155 652 a
1186 612 1303 653 Gosio
1330 610 1484 667 (Gesio)
1515 616 1728 654 translatos

198 678 286 703 cum
318 666 467 716 ederet,
500 680 621 707 novos
653 669 796 708 adiecit
827 670 948 709 libros
972 671 1100 709 XXXI
1132 674 1172 710 et
1202 671 1361 711 XXXII.
1418 672 1556 712 Galeni
1586 674 1728 713 librum

198 722 293 772 περὶ
329 722 522 773 κριείμων
557 724 723 775 ἡμερῶν
760 740 784 766 a
821 741 862 767 se
894 728 1051 778 Syrisce
1087 741 1243 769 versum
1280 731 1478 780 supplevit
1513 732 1648 771 addita
1681 733 1728 771 de

198 783 338 821 effectu
362 784 478 823 lunae
503 784 786 825 dissertatione.
835 787 972 836 Itaque
998 800 1043 826 eo
1068 788 1256 838 adducor,
1283 791 1327 827 ut
1351 789 1446 827 mihi
1470 791 1727 839 persuadeam

196 841 253 878 ad
276 842 541 881 versionem
567 844 836 894 eclogarum
854 845 1069 884 Anatolii
1095 859 1183 885 non
1201 847 1444 895 pertinere
1463 848 1554 887 nisi
1573 849 1726 888 libros

195 900 352 948 operis
378 900 601 951 Sergiani
630 902 738 941 inde
768 915 792 941 a
822 904 971 952 primo
995 917 1146 954 usque
1171 905 1227 943 ad
1252 905 1479 944 decimum
1505 907 1726 959 alterum,

195 957 315 996 libros
341 958 438 997 XIII
462 962 503 998 et
527 960 620 998 XIV
645 973 667 998 a
693 960 830 1011 Sergio
854 961 1007 1001 additos
1033 975 1136 1012 esse,
1166 965 1211 1001 ut
1234 975 1305 1002 suo
1330 976 1446 1013 opere
1471 965 1590 1004 etiam
1613 978 1725 1015 quos-

194 1016 284 1054 dam
315 1017 373 1055 rei
403 1018 574 1057 rusticae
602 1019 707 1058 locos
733 1020 782 1058 ab
808 1020 1026 1059 Anatolio
1015 1034 1055 1059 1n
1081 1021 1226 1071 eclogis
1252 1022 1406 1061 silentio
1430 1024 1725 1090 praetermissos

192 1074 423 1116 illustraret.
451 1096 500 1103 -
531 1076 655 1122 Quam
681 1079 943 1117 coniecturam
967 1091 1046 1118 non
1071 1081 1150 1117 tam
1177 1080 1362 1119 audacter
1386 1081 1623 1131 proferrem,
1650 1082 1725 1120 nisi

195 1133 269 1182 ipsi
299 1134 407 1184 libri,
444 1135 492 1173 de
523 1136 665 1184 quibus
691 1136 840 1186 agitur,
873 1149 1064 1187 perquam
1089 1138 1239 1176 olerent
1263 1139 1588 1187 additamentum,
1622 1141 1724 1190 quod

195 1204 323 1242 neque
350 1205 435 1231 curn
461 1193 572 1232 libris
598 1194 798 1233 duodecim
833 1195 1028 1245 prioribus
1054 1196 1236 1235 cohaeret
1259 1209 1384 1246 neque
1407 1198 1535 1247 ipsum
1561 1199 1724 1248 simplex

195 1252 257 1289 est
281 1252 332 1299 et,
358 1253 404 1290 ut
428 1252 482 1290 sic
507 1252 681 1301 dixerim,
706 1253 747 1291 in
771 1266 812 1292 se
840 1254 1075 1293 conclusum.

310 1321 485 1360 Primum
516 1334 565 1360 ne
595 1323 633 1360 id
667 1323 823 1372 quidem
851 1323 1012 1373 dignum
1037 1324 1210 1375 videtur,
1240 1326 1342 1374 quod
1367 1326 1522 1365 silentio
1546 1328 1720 1366 transea-

189 1392 292 1427 mus,
328 1381 390 1418 vel
416 1381 586 1419 ambitus
612 1381 801 1420 librorum
826 1383 1002 1431 adprime
1027 1385 1227 1432 suspectos
1253 1395 1346 1422 esse.
1397 1383 1494 1422 Cum
1519 1385 1623 1423 enim
1647 1386 1720 1424 sin-

189 1438 372 1488 gulorum
413 1439 604 1477 librorum
647 1441 818 1479 ambitus
855 1441 896 1478 in
933 1441 1104 1491 epitoma
1140 1441 1376 1481 Londinensi
1411 1443 1515 1480 idem
1551 1443 1632 1481 fere
1670 1444 1722 1482 sit

187 1508 309 1546 usque
347 1497 396 1535 ad
433 1498 623 1536 decimum
655 1499 840 1549 alterum,
877 1499 978 1538 liber
1008 1499 1106 1538 XIII
1136 1500 1318 1548 duorum,
1355 1501 1457 1550 quod
1488 1501 1589 1540 solet
1623 1514 1720 1551 esse,

189 1555 378 1594 librorum
410 1556 579 1605 spatium
611 1557 757 1606 explet,
789 1557 883 1595 XIV
915 1558 1038 1596 multo
1070 1560 1130 1596 est
1161 1558 1277 1597 solito
1309 1559 1474 1598 tenuior.
1522 1559 1619 1598 Rem
1642 1573 1720 1599 non

188 1613 237 1652 ad
274 1615 504 1664 excerpendi
541 1615 733 1653 rationem
770 1616 818 1654 ab
857 1615 1113 1666 epitomatore
1149 1617 1371 1656 institutam
1411 1617 1479 1656 sed
1514 1618 1563 1656 ad
1594 1618 1716 1667 ipsam

188 1672 483 1722 dispositionem
515 1674 667 1723 antiqui
698 1675 824 1723 operis
855 1674 1113 1713 revocandam
1144 1687 1229 1713 esse
1259 1676 1349 1714 inde
1374 1676 1519 1725 elucet,
1552 1677 1654 1726 quod
1679 1677 1718 1715 in

188 1731 288 1769 libro
307 1731 404 1769 XIII
431 1745 507 1770 non
531 1732 660 1770 minus
685 1745 755 1782 pro
778 1735 865 1771 rate¹
883 1735 996 1782 parte
1015 1746 1130 1783 quam
1149 1733 1190 1771 in
1209 1733 1374 1783 singulis
1393 1734 1503 1773 libris
1522 1734 1716 1783 prioribus

188 1789 237 1826 ab
275 1790 532 1839 epitomatore
568 1791 888 1839 praetermissum
924 1803 1010 1830 esse
1046 1794 1087 1830 et
1121 1792 1207 1841 ipsa
1240 1804 1303 1830 res
1337 1794 1377 1830 et
1410 1793 1553 1831 collata
1585 1793 1714 1832 versio

186 1847 334 1900 Kostae
360 1849 516 1899 docent,
547 1849 690 1888 librum
715 1851 846 1887 autem
870 1849 963 1888 XIV
987 1849 1202 1899 antiquitus
1226 1850 1496 1889 brevissimum
1522 1850 1643 1890 fuisse
1670 1864 1716 1890 ex

186 1907 408 1955 argumenti
444 1906 745 1958 significatione,
782 1920 882 1958 quae
918 1908 958 1946 in
994 1908 1192 1957 prooemio
1226 1909 1326 1946 libro
1356 1909 1568 1958 praemisso
1601 1910 1716 1961 inest,

185 1964 442 2014 cognoscitur.
466 1986 516 1992 —
537 1965 621 2004 Iam
647 1968 856 2015 utrumque
881 1966 1025 2005 librum
1042 1966 1161 2015 paulo
1179 1966 1400 2006 accuratius
1419 1968 1715 2016 perlustremus.

185 2023 358 2061 Primum
389 2023 442 2062 de
473 2024 595 2062 libro
621 2024 718 2062 XIII
751 2023 887 2063 dicam.
936 2024 1055 2063 Cuius
1085 2025 1185 2063 duae
1215 2027 1309 2063 sunt
1337 2028 1469 2074 partes
1505 2025 1714 2065 admodum

183 2082 286 2120 inter
311 2094 352 2120 se
376 2082 556 2131 impares.
606 2082 755 2132 Altera,
781 2095 881 2133 quae
906 2085 965 2122 est
988 2095 1012 2121 a
1037 2083 1164 2133 capite
1188 2083 1313 2132 primo
1338 2095 1462 2134 usque
1486 2083 1536 2122 ad
1559 2086 1713 2123 sextum

182 2144 221 2179 et
246 2141 544 2191 sexagesimum,
569 2143 778 2190 praecepta
802 2142 976 2180 continet
1000 2141 1047 2180 de
1072 2141 1337 2192 generatione,
1362 2142 1602 2193 educatione,
1632 2155 1712 2182 me-

181 2198 309 2237 dicina
327 2199 571 2247 animalium,
597 2212 707 2249 quae,
727 2200 903 2249 quamvis
922 2200 1049 2239 multa
1066 2200 1262 2238 interiisse
1280 2200 1343 2239 vel
1362 2201 1512 2249 primus
1530 2203 1711 2250 aspectus

180 2258 334 2304 doceat,
360 2271 479 2295 unum
505 2260 546 2296 et
571 2257 735 2307 simplex
760 2258 974 2307 consilium,
999 2257 1226 2308 diligentem
1248 2270 1381 2296 rerum
1406 2259 1711 2310 dispositionem,

181 2316 426 2366 aequabilem
464 2317 706 2366 singulorum
744 2317 1024 2366 expositionem
1059 2317 1156 2354 adeo
1189 2317 1405 2367 denudant,
1442 2319 1487 2356 ut
1516 2317 1632 2356 unius
1663 2319 1711 2357 de

178 2374 444 2424 generatione·
461 2376 501 2413 et
532 2374 723 2413 medicina
752 2375 979 2413 animalium
1011 2375 1220 2414 voluminis
1249 2375 1470 2426 fragmenta
1493 2388 1606 2414 nemo
1632 2389 1709 2415 non

179 2427 449 2484 agnoscat.²²¹)
498 2433 681 2482 Propi-ios
709 2433 767 2471 rei
791 2434 961 2472 rusticae
985 2445 1079 2472 usus
1105 2433 1201 2472 haec
1225 2434 1356 2483 capita
1379 2434 1462 2472 fere
1486 2445 1562 2472 non
1587 2435 1707 2484 respi-

181 2491 299 2530 ciunt.
349 2491 485 2540 Longe
508 2491 678 2541 plurima
702 2491 752 2530 ad
776 2491 1010 2531 medicinam
1031 2492 1307 2531 veterinariam
1332 2494 1519 2542 spectant.
1568 2491 1707 2542 Singu-

176 2550 252 2587 lari
277 2552 409 2588 autem
442 2562 535 2588 cura
566 2553 606 2589 et
636 2550 817 2589 ubertate
848 2550 896 2589 de
925 2550 1177 2600 generatione
1208 2549 1433 2589 animalium
1464 2549 1700 2599 disputatur,

179 2607 320 2647 Altera
343 2621 448 2658 pars,
474 2620 574 2658 quae
599 2611 660 2648 est
677 2620 701 2647 a
719 2609 846 2658 capite
866 2609 1108 2659 sexagesimo
1129 2609 1293 2658 septimo
1310 2620 1435 2659 usque
1454 2608 1504 2648 ad
1523 2611 1706 2658 quartum

180 2669 220 2705 et
244 2667 597 2718 septuagesimum,
633 2667 807 2706 continet
832 2669 920 2706 octo
946 2667 993 2705 de
1018 2668 1172 2706 cultura
1195 2679 1396 2717 pomorum
1419 2666 1626 2716 paradoxa.
1652 2689 1701 2695 —

177 2731 333 2768 Titulus
366 2731 504 2780 capitis
529 2731 644 2780 primi
671 2733 731 2770 est
755 2721 1045 2782 Ιὶνῦαδῶλ,
1050 2732 1109 2779 ‚ad
1134 2727 1262 2782 apes“,
1293 2730 1526 2781 sexagesimi
1550 2731 1705 2781 septimi

176 2790 393 2883 mal-&2
432 2802 503 2851 „ad
544 2798 734 2851 plantas‘.‘
794 2801 869 2847 Qui
906 2803 1011 2840 recte
1049 2802 1192 2840 habere
1226 2813 1304 2840 non
1339 2802 1512 2851 possunt.
1568 2801 1704 2852 Neque

175 2875 295 2927 enim,
328 2877 371 2913 ut
395 2876 442 2915 de
468 2888 512 2915 eo
538 2876 646 2926 prius
665 2876 807 2925 dicam,
841 2876 967 2926 capite
993 2877 1231 2927 sexagesimo
1257 2877 1428 2926 septimo
1452 2876 1631 2917 universe
1655 2878 1702 2917 de
