1820 3126
219 122 302 165 398
833 128 873 162 A.
894 126 1130 163 Baumstark:

221 235 346 273 altera
370 235 410 272 et
435 237 574 284 quarta
599 236 680 274 sine
706 237 970 276 controversia
989 250 1009 276 e
1029 237 1185 277 Graecis
1205 239 1391 288 exemplis
1411 241 1624 279 translatae
1643 244 1744 280 sunt.
1816 223 1820 252 5

221 293 322 331 Mira
358 293 459 331 enim
496 296 556 332 est
593 306 726 332 earum
762 296 1030 335 convenientia
1063 309 1149 334 cum
1181 295 1410 347 Geoponicis
1441 298 1598 337 Graecis
1630 302 1745 349 atque

222 351 339 389 etiam
374 352 592 390 accuratior
624 365 742 402 quam
774 354 962 393 librorum
993 354 1158 393 I—XII.
1218 355 1351 395 Tertia
1382 357 1484 395 unde
1519 358 1661 396 hausta
1695 358 1747 396 sit

219 422 297 447 non
321 410 447 447 ausim
473 411 673 459 suspicari.
1232 442 1234 444 -

342 467 416 506 Sed
442 470 522 506 tam
548 468 704 508 libellus
735 470 781 508 de
811 470 926 509 melle
958 473 998 509 et
1022 471 1106 521 pice
1137 484 1251 521 quam
1283 473 1481 522 paradoxa
1509 473 1579 511 illa
1608 486 1745 523 parum

220 526 342 564 refert
372 527 472 564 unde
504 527 696 567 fluxerint.
745 528 849 567 Illud
881 531 1012 568 autem
1049 530 1131 568 sine
1162 530 1280 569 dubio
1311 543 1450 580 operae
1484 532 1654 581 pretium
1685 534 1745 571 est

219 584 430 635 inquirere,
463 586 566 635 quod
597 586 814 636 exemplum
841 586 1030 626 Graecum
1061 588 1102 626 in
1132 590 1243 638 parte
1277 589 1402 627 altera
1433 601 1657 639 expressum
1683 590 1745 628 sit.

220 643 351 691 Atque
377 655 424 681 ea
447 644 622 694 quidem,
654 657 753 694 quae
778 647 840 684 est
863 644 964 684 inter
989 658 1073 684 eam
1099 649 1139 685 et
1165 646 1383 696 Geoponica
1409 647 1556 686 Graeca
1580 649 1744 687 necessi·

221 701 328 748 tudo,
353 701 402 738 ad
426 701 574 740 fontem
599 701 726 753 Sergii
750 703 1012 753 indagandum
1036 705 1134 742 nihil
1158 705 1279 744 iuvat.
1328 705 1462 755 Neque
1488 707 1590 744 enim
1614 706 1742 746 fontes

222 758 530 808 Geoponieorum
561 762 667 799 certo
696 762 875 801 novimus
906 762 982 800 nisi
1013 763 1132 802 libros
1159 763 1334 802 Anatolii
1359 768 1399 802 et
1422 763 1593 814 Didymi.
1640 763 1745 803 Ana-

218 818 358 855 tolium
376 830 468 857 vero
487 831 512 857 a
530 818 664 870 Sergio
684 832 730 858 ex
749 820 917 870 Didymo
937 821 1161 871 suppletum
1181 833 1265 860 esse
1284 834 1407 871 neque
1425 823 1511 861 veri
1539 822 1665 861 simile
1685 828 1746 861 est

222 887 346 925 neque
365 878 497 925 potest
519 878 723 929 explorari,
748 891 846 927 cum,
872 891 971 928 quae
991 878 1297 929 Geoponicorum
1316 882 1450 929 partes
1468 880 1518 919 ad
1537 880 1746 931 Didymum

220 935 400 984 redeant,
436 947 574 984 parum
604 936 763 985 liqueat.
824 937 984 975 Maximi
1019 940 1151 976 autem
1188 939 1374 977 momenti
1402 941 1479 991 est,
1515 951 1614 989 quae
1644 939 1748 978 inter

222 992 312 1042 Hip
319 993 526 1042 piatrica
550 996 590 1032 et
609 993 653 1033 G.
669 994 706 1033 S.
726 994 823 1033 XIII
839 997 976 1035 1—66
998 996 1213 1045 intercedit,
1231 997 1342 1036 ratio.
1385 997 1636 1046 Respondent
1655 997 1745 1036 sibi:

339 1051 385 1090 G.
405 1051 442 1089 S.
461 1052 557 1091 XIII
576 1053 650 1102 273
670 1053 865 1103 Hippiatr.
885 1055 944 1094 ed.
959 1053 1161 1105 Grynaeus
1180 1068 1245 1105 pg.
1264 1056 1316 1095 55
1338 1053 1580 1095 ἐπιλεκτέον
1594 1077 1647 1082 -
1662 1055 1747 1095 δια-

225 1109 420 1158 βεβαιοῦν
444 1105 741 1164 (Ἀνατολίου).

339 1167 383 1206 G.
410 1167 446 1207 S.
473 1168 569 1207 XIII
596 1171 648 1209 28
675 1170 733 1208 ed.
759 1170 938 1220 Lagarde
962 1184 1026 1221 pg.
1060 1173 1158 1221 106,
1186 1173 1210 1211 5
1232 1185 1261 1211 s.
1293 1165 1357 1225 (G.
1385 1171 1429 1211 G.
1455 1171 1547 1211 XVI
1574 1175 1593 1211 1
1631 1173 1657 1221 ξ
1683 1169 1747 1226 3);

222 1226 416 1276 Hippiatr.
441 1226 532 1265 ibid.
557 1241 621 1278 pg.
641 1229 695 1266 55
722 1226 866 1277 καιρὸν
888 1249 936 1255 -
960 1229 1136 1277 θερινῶν
1160 1224 1453 1283 (Ἀνατολίου).

338 1284 384 1323 G.
405 1284 441 1323 S.
461 1285 559 1324 XIII
579 1287 632 1325 28
659 1286 750 1326 ibid.
775 1300 839 1336 pg.
863 1289 962 1337 106,
983 1289 1143 1338 6-16;
1169 1288 1362 1338 Hippiatr.
1387 1289 1480 1327 ibid.
1505 1302 1570 1339 pg.
1590 1291 1644 1328 55
1669 1288 1745 1338 τὴν

224 1340 396 1391 θηλείαν
421 1346 533 1383 -56
559 1342 665 1392 πρὸς
690 1343 766 1394 τὴν
791 1342 934 1394 ὀχείαν
959 1343 1173 1392 γίγνονται
1197 1341 1490 1400 (Ἀνατολίου).

338 1401 382 1440 G.
404 1401 442 1441 S.
461 1402 556 1441 XIII
577 1404 630 1443 28
655 1403 747 1441 ibid.
773 1417 837 1454 pg.
860 1405 954 1455 106,
976 1406 1026 1443 19
1049 1417 1077 1443 s,
1099 1417 1145 1454 s.;
1170 1404 1363 1454 Hippiatr.
1388 1405 1480 1444 ibid.
1507 1419 1570 1456 pg.
1592 1407 1645 1445 56
1672 1403 1747 1445 ἐὰν

223 1458 269 1498 δὲ
294 1456 402 1500 ἅπαξ
433 1481 480 1488 —-
511 1458 719 1509 ἐγκύμονα
744 1458 850 1501 εἶναι
876 1458 1169 1515 (Ἀνατολίου).

339 1518 383 1558 G.
405 1519 440 1557 S.
467 1519 565 1558 XIII
592 1521 643 1559 29
670 1520 760 1559 ibid.
787 1534 852 1572 pg.
882 1522 974 1572 107,
1001 1523 1025 1560 3
1052 1534 1081 1560 s.
1104 1534 1152 1572 s.3
1177 1521 1369 1572 Hippiatr.
1395 1522 1486 1562 ibid.
1511 1535 1574 1573 pg.
1603 1523 1656 1562 59
1682 1533 1747 1562 τε·

223 1574 373 1616 κούεαε
391 1599 448 1604 -
469 1575 688 1626 χελιδόνα(
713 1576 853 1618 αὐτῶν
879 1574 1173 1633 (Ἀνατολίου).

338 1635 383 1674 G.
412 1636 450 1674 S.
474 1636 571 1675 XIII
599 1638 654 1676 30
686 1632 748 1689 (G.
773 1637 817 1677 G.
847 1638 940 1676 XVI
961 1640 982 1676 1
1011 1636 1036 1687 ἓ
1060 1633 1266 1690 12-16);
1297 1637 1491 1688 Hippiatr.
1515 1640 1597 1678 cod.
1623 1639 1746 1679 Paris.

221 1706 303 1743 cap.
332 1695 440 1734 1065
469 1689 592 1748 (apud
622 1696 816 1734 Millcrum
840 1709 904 1747 pg.
933 1697 1013 1735 133
1035 1692 1083 1749 s.)
1115 1709 1238 1747 usque
1268 1697 1318 1735 ad
1348 1697 1469 1736 verba
1497 1694 1549 1736 τὰ
1580 1694 1747 1746 (ώματα

221 1750 362 1791 αὐτῶν
387 1748 678 1807 (Ἀνατολίου).
1603 1780 1606 1786 -

338 1811 383 1850 G.
405 1811 443 1850 S.
462 1812 558 1850 XIII
579 1814 634 1852 30
659 1809 722 1863 (G.
743 1812 786 1851 G.
807 1813 900 1851 XVI
922 1816 942 1852 1
971 1811 997 1863 ἓ
1019 1807 1226 1866 12-16);
1251 1813 1446 1864 Hippiatr.
1466 1814 1525 1853 ed.
1544 1813 1746 1864 Grynaeus

221 1882 285 1919 pg.
307 1871 388 1909 226
418 1867 619 1919 βούλομαί
644 1882 686 1910 (ε
713 1868 866 1910 εἰδέναι
894 1892 943 1898 -
972 1869 1047 1910 τὸν
1073 1869 1224 1910 λοιπὸν
1249 1869 1405 1920 χρόνον
1429 1867 1687 1925 (Ἀψύρτου).

338 1927 383 1967 G.
403 1928 441 1967 S.
461 1929 559 1967 XIII
579 1931 630 1968 31
659 1929 718 1969 ed.
738 1930 917 1980 Lagarde
941 1943 1008 1980 pg.
1031 1931 1124 1980 107,
1145 1931 1315 1969 27-30
1338 1925 1403 1982 (G.
1423 1929 1466 1970 G.
1485 1930 1578 1969 XVI
1597 1932 1647 1969 21
1672 1929 1698 1979 ἓ
1721 1933 1741 1969 1

223 1988 264 2025 et
289 1981 353 2040 2);
378 1987 573 2036 Hippiatr.
598 1988 690 2026 ibid.
714 2001 778 2038 pg.
799 1990 852 2027 57
879 1984 1005 2027 ὄνου(
1025 2009 1078 2015 -
1099 1986 1292 2037 ἦμεροῦει
1317 1983 1608 2041 (Ἀνατολίου).

338 2044 383 2083 G.
410 2045 446 2083 S.
471 2045 567 2084 XIII
594 2048 645 2085 31
673 2046 766 2085 ibid.
790 2059 854 2096 pg.
883 2048 982 2095 108,
1011 2048 1131 2086 1—5
1159 2042 1223 2098 (G.
1249 2045 1294 2085 G.
1319 2047 1413 2085 XVI
1434 2049 1484 2085 21
1512 2045 1538 2096 ἓ
1566 2049 1589 2086 5
1616 2050 1657 2086 et
1682 2042 1743 2100 6);

224 2103 421 2153 Hippiatr.
446 2104 538 2143 ibid.
562 2117 628 2155 pg.
648 2106 701 2144 57
727 2101 899 2144 κάλλιον
917 2126 972 2132 -
993 2101 1235 2154 ἀνατροφῆς
1259 2101 1554 2158 (Ἀνατολίου).

338 2162 382 2201 G.
407 2162 444 2201 S.
467 2161 564 2200 XIII
590 2165 641 2202 31
669 2163 762 2202 ibid.
787 2177 850 2214 pg.
873 2164 978 2212 108,
999 2165 1148 2202 6-11
1177 2158 1242 2216 (G.
1269 2163 1316 2202 G.
1340 2163 1432 2202 XVI
1452 2165 1503 2202 21
1532 2162 1558 2212 ἓ
1584 2160 1745 2216 7—9);

222 2221 418 2271 Hippiatr.
442 2221 535 2259 ibid.
560 2234 624 2271 pg.
647 2223 697 2260 57
725 2218 828 2260 ἔετω
855 2220 976 2260 δὲ-
994 2219 1043 2261 τὸ
1068 2219 1309 2270 τικτόμενον
1334 2218 1445 2261 ἔεται
1470 2217 1745 2276 Ἀνατολίου).

338 2279 382 2318 G.
408 2279 446 2318 S.
470 2279 566 2318 XIII
592 2281 643 2319 32
677 2275 742 2332 (G.
774 2280 820 2320 G.
850 2279 944 2319 XVI
976 2281 1000 2319 3
1038 2278 1064 2329 ἓ
1098 2275 1257 2334 1—5);
1295 2281 1490 2330 Hippiatr.
1515 2281 1598 2320 eod.
1623 2281 1744 2321 Paris.

221 2350 303 2387 cap.
326 2339 435 2377 1066
462 2333 585 2391 (apud
605 2338 800 2377 Millerum
819 2351 883 2388 pg.
906 2333 1019 2391 134),
1045 2339 1148 2389 quod
1166 2339 1341 2378 Anatolii
1367 2351 1452 2378 esse
1475 2339 1631 2378 videtur
1656 2351 1743 2378 cum

221 2399 359 2435 auctor
381 2396 512 2435 nullus
536 2397 736 2449 laudetur,
765 2397 849 2436 eius
880 2400 1028 2448 autem,
1060 2398 1162 2448 quod
1194 2397 1404 2446 antecedit,
1436 2397 1574 2447 capitis
1606 2401 1742 2436 auctor

222 2455 432 2494 Anatolius
457 2455 660 2494 exstiterit.

339 2513 383 2553 G.
410 2513 447 2552 S.
471 2513 568 2552 XIII
589 2515 642 2553 32
668 2514 726 2552 ed.
753 2514 930 2564 Lagarde
955 2527 1020 2564 pg.
1046 2516 1138 2563 108,
1162 2515 1331 2554 18-20
1357 2509 1420 2566 (G.
1440 2513 1485 2552 G.
1509 2514 1602 2552 XVI
1621 2515 1645 2553 3
1672 2512 1698 2563 ἓ
1717 2516 1743 2552 4

222 2571 310 2610 inde
329 2585 353 2610 a
371 2573 490 2612 verbo
510 2567 769 2626 μελανθίου),
795 2572 989 2622 Hippiatr.
1009 2573 1067 2612 ed.
1088 2572 1291 2623 Grynaeus
1309 2584 1372 2622 pg.
1392 2572 1476 2611 300
1496 2569 1743 2621 μελάνθειον

223 2651 277 2657 --
303 2627 419 2669 δίδου
447 2625 706 2684 (Ἀψύρτου).

338 2688 382 2728 G.
409 2689 446 2728 S.
471 2689 567 2727 XIII
593 2690 646 2730 33
679 2687 743 2741 (G.
769 2689 812 2729 G.
838 2689 930 2728 XVI
955 2685 1018 2743 4);
1049 2689 1242 2740 Hippiatr.
1267 2689 1360 2728 ibid.
1384 2701 1446 2739 pg.
1474 2690 1497 2727 7
1531 2686 1738 2740 ἐπιγνώεῃ

223 2768 280 2775 —
305 2746 549 2796 διηθητέντα
574 2742 864 2802 (Ἀνατολίου).

339 2805 385 2845 G.
405 2805 442 2844 S.
461 2806 557 2844 XIII
577 2807 630 2845 34
652 2802 717 2859 (G.
737 2806 782 2846 G.
801 2806 894 2845 XVI
914 2802 976 2861 5);
1000 2807 1196 2858 Hippiatr.
1214 2806 1306 2846 ibid.
1328 2819 1392 2857 pg.
1411 2806 1465 2846 47
1492 2802 1567 2845 ἐὰν
1586 2802 1743 2855 ὀφθαλ·

222 2862 298 2914 μὸε
323 2884 378 2892 —-
403 2861 600 2914 ἐνάλειφε
626 2860 884 2918 (Ἀψύρτου).
