1820 3126
547 129 837 167 Lucubrationes
863 128 1152 174 Syro-Graecae.
1545 126 1628 168 397

81 247 227 298 plantis
258 244 407 296 agitur,
446 244 513 283 sed
545 243 725 293 docetur,
758 242 953 292 quomodo
985 241 1233 280 efficiendum
1267 239 1336 290 sit,
1373 242 1419 278 ut
1450 239 1640 278 duracina

80 307 229 357 scripta
266 306 490 343 nascantur.
551 303 722 342 Videtur
758 302 884 352 igitur
921 301 1063 340 titulus
1102 303 1283 340 servatus
1321 299 1372 338 ad
1411 299 1638 338 universam

80 367 246 405 alteram
269 363 363 402 libri
386 364 543 413 partem
569 364 759 412 spectare,
783 360 980 411 proprius,
1006 360 1075 410 qui
1101 360 1302 410 quondam
1324 359 1469 410 fuerat,
1496 358 1640 408 capitis

80 424 236 475 septimi
250 424 290 462 et
309 422 542 473 sexagesimi
561 422 705 461 titulus
725 420 935 460 interiisse.
969 419 1104 458 Simile
1126 420 1279 470 aliquid
1298 419 1339 457 in
1358 418 1478 456 titulo
1494 418 1638 468 capitis

78 483 195 535 primi
221 482 409 522 accidisse
434 481 550 521 facile
570 480 835 520 demonstrari
854 480 1001 530 potest.
1046 477 1192 518 Omnes
1219 479 1324 517 enim
1347 479 1508 527 praeter
1527 477 1638 527 duos,

81 550 128 588 de
153 548 296 599 quibus
315 547 577 598 disputamus,
603 546 777 597 capitum
797 545 908 585 tituli
926 545 1027 583 fiunt
1045 557 1118 595 per
1138 537 1269 602 Ψ
1294 540 1402 594 „de“.
1439 543 1639 593 Alterum,

77 621 145 671 qui
173 632 244 670 per
263 611 351 657 Q
374 615 473 671 „ad“
492 619 549 667 fit,
576 631 655 658 non
674 618 791 656 unius
811 616 953 667 capitis
973 616 1137 654 titulum
1158 628 1244 655 esse
1264 614 1437 655 vidimus
1458 615 1529 654 sed
1550 626 1638 664 pro-

78 685 188 736 priae
211 685 336 724 totius
359 684 490 736 operis
509 683 648 734 partis.
692 682 1010 722 Consentaneum
1033 683 1096 721 est
1113 694 1198 720 rem
1218 693 1342 731 aeque
1360 681 1402 718 in
1422 680 1548 719 altero
1567 680 1638 718 ha-

79 751 183 790 bere.
219 750 362 801 Itaque
383 751 562 801 suspicor
574 749 688 789 initio
702 749 796 789 libri
808 747 907 787 XIII
919 750 1011 798 post
1023 740 1301 788 voculam&
1326 743 1424 796 „ad“
1448 745 1639 785 excidisse

61 837 193 903 ψ
227 831 354 891 iffi...
379 844 601 897 „animalia.
646 840 746 893 De“‚
770 844 829 883 ita
848 845 895 883 ut
913 843 1066 894 primae
1091 841 1217 893 partis
1243 840 1336 879 libri
1358 840 1503 879 titulus
1522 842 1641 879 antea

74 939 196 979 fuerit
230 928 356 988 lifin-
376 931 462 977 Q
497 938 583 990 „ad
619 934 848 989 animalia“,
891 938 1053 988 propria
1097 936 1239 987 capitis
1276 935 1398 985 primi
1433 934 1639 984 inscriptio

76 1000 255 1062 JKx-3022
275 1003 408 1068 ψ
442 1009 518 1061 „de
543 1007 720 1060 apibus“.
750 1030 800 1036 —-
829 1009 916 1048 Iam
941 1010 1046 1048 unde
1070 1010 1222 1048 factum
1249 1019 1335 1046 esse
1359 1008 1564 1058 putemus,
1596 1008 1641 1045 ut

74 1081 116 1120 in
140 1081 222 1120 illis
248 1081 343 1120 solis
363 1081 539 1120 omnium
559 1081 689 1120 titulis
710 1081 874 1131 Sergius
893 1081 1188 1132 praepositione
1200 1072 1287 1118 Q
1311 1074 1410 1126 „ad“
1429 1075 1640 1117 uteretur?

75 1143 164 1185 Nisi
189 1146 321 1186 omnia
339 1158 403 1185 me
423 1146 579 1198 fallunt,
604 1147 646 1186 id
670 1149 758 1186 erat
786 1147 827 1185 in
845 1159 977 1197 causa,
1002 1146 1104 1196 quod
1125 1144 1380 1195 praepositio,
1407 1156 1508 1194 quae
1526 1143 1641 1194 iungi

0 1254 2 1257 Υ
76 1207 179 1246 solet
211 1219 300 1245 cum
331 1206 463 1245 verbis
489 1206 678 1257 addendi,
706 1207 857 1246 iustum
881 1207 1013 1246 locum
1036 1206 1185 1245 habere
1208 1204 1422 1244 videbatur
1446 1203 1487 1241 in
1512 1203 1640 1242 titulis

76 1266 454 1316 supplementorum.
514 1266 577 1305 En
621 1266 698 1306 duo
745 1267 1022 1317 supplementa
1059 1265 1230 1316 propriis
1271 1264 1401 1303 titulis
1439 1263 1640 1312 distincta,

73 1338 173 1376 quae
204 1338 333 1376 neque
363 1325 469 1365 inter
505 1339 546 1365 se
578 1339 705 1376 neque
737 1338 826 1365 cum
851 1325 1049 1376 prioribus
1075 1325 1331 1364 cohaereant!
1381 1323 1485 1362 Nam
1510 1335 1560 1361 ne
1586 1323 1640 1362 de

74 1385 224 1435 pomis
255 1385 415 1435 quidem
446 1385 517 1424 illa
549 1385 798 1436 paradoxa
831 1399 879 1424 ex
910 1386 1056 1436 eclogis
1082 1384 1262 1424 Anatolii
1287 1383 1456 1433 possunt
1480 1385 1641 1432 sumpta

75 1457 172 1484 esse.
221 1444 278 1484 Ut
301 1445 406 1483 enim
428 1445 611 1484 omittam
630 1458 774 1496 parum
794 1447 943 1496 patere,
971 1445 1006 1484 si
1023 1445 1115 1484 inde
1134 1443 1352 1494 fluxissent,
1378 1455 1457 1492 qua
1484 1442 1639 1481 ratione

3 1518 5 1520 ·
76 1503 235 1555 Sergius
261 1504 402 1543 adduci
432 1506 625 1555 potuerit,
658 1507 705 1544 ut
737 1508 824 1545 octo
858 1505 997 1544 brevia
1021 1505 1234 1555 praecepta
1259 1503 1339 1542 alia
1364 1502 1524 1541 aliunde
1549 1514 1638 1541 con-

0 1569 2 1574 *
77 1565 194 1614 gesta
224 1564 287 1603 hic
320 1566 504 1614 poneret,
537 1577 767 1615 supremum
792 1565 892 1604 illud
917 1566 980 1604 est
1005 1565 1287 1615 argumentum
1312 1562 1432 1601 aliam
1458 1561 1508 1600 ab
1533 1562 1640 1600 Ana-

74 1623 172 1662 tolio
203 1623 245 1662 in
277 1624 424 1674 eclogis
457 1623 503 1663 G.
530 1624 567 1664 S.
593 1625 629 1663 X
650 1626 705 1664 20
743 1625 863 1664 aliam
898 1625 1027 1675 capite
1059 1623 1156 1662 XIII
1178 1624 1231 1663 67
1266 1622 1465 1672 epitomae
1497 1621 1640 1660 Londi-

75 1682 211 1722 nensis
256 1695 375 1734 poma
418 1683 567 1734 scripta
609 1684 780 1723 faciendi
822 1684 1017 1723 rationem
1054 1683 1242 1734 praecipi.
1279 1702 1338 1709 —-
1377 1682 1552 1720 Transeo
1591 1682 1641 1720 ad

75 1742 255 1782 librum
279 1742 386 1782 XIV.
436 1740 535 1782 Eius
559 1744 762 1794 propriam
789 1756 874 1783 esse
899 1744 1187 1794 praefationem
1213 1742 1293 1781 iam
1319 1741 1450 1791 attigi.
1501 1741 1576 1780 Vel
1601 1741 1640 1779 id

75 1804 139 1840 sat
162 1802 300 1852 magni
324 1803 517 1841 momenti
542 1806 642 1852 erat,
668 1805 714 1842 ut
738 1803 886 1843 librum
911 1806 995 1842 tam
1021 1804 1070 1842 ab
1098 1802 1245 1853 eclogis
1266 1801 1445 1840 Anatolii
1469 1813 1591 1851 quam
1617 1813 1641 1838 a

75 1861 176 1900 libro
201 1861 301 1900 XIII
335 1861 497 1912 Syriaco
538 1875 841 1903 secerneremus.
897 1863 1078 1914 Accedit,
1118 1862 1225 1913 quod
1255 1862 1308 1913 is,
1348 1861 1418 1911 qui
1447 1860 1562 1899 illum
1593 1861 1641 1899 de

78 1921 195 1959 melle
222 1923 263 1960 et
288 1921 374 1971 pice
399 1922 580 1961 libellum
606 1923 840 1973 composuit,
867 1923 1091 1973 exemplum
1112 1922 1307 1961 Graecum
1327 1920 1524 1971 capitibus
1543 1920 1642 1959 XIII

78 1982 221 2020 1—63
244 1980 416 2031 Syriacis
437 1994 666 2032 expressum
686 1983 881 2021 adhibuit.
919 1982 1024 2021 Nam
1043 1983 1092 2021 ad
1112 1983 1280 2022 verbum
1300 1982 1382 2020 fere
1403 1981 1643 2020 conveniunt
1724 2022 1727 2029 ,

77 2038 122 2079 G.
143 2039 182 2080 S.
203 2040 297 2079 XIV
314 2043 335 2079 1
359 2043 400 2080 et
419 2040 465 2080 G.
488 2041 526 2080 S.
547 2041 644 2080 XIII
663 2043 687 2081 3
712 2036 776 2096 (G.
797 2042 843 2081 G.
862 2042 936 2080 XV
953 2037 1009 2095 7).
1034 2063 1082 2068 —-
1107 2042 1302 2080 Ultimum
1329 2040 1498 2091 denique
1523 2052 1640 2091 argu-

74 2102 272 2148 mentum,
304 2113 382 2150 quo
414 2101 710 2140 demonstretur
744 2102 867 2142 libros
895 2101 1079 2152 Syriacos
1105 2101 1204 2140 XIII
1230 2102 1271 2139 et
1295 2100 1389 2139 XIV
1420 2113 1466 2138 ex
1493 2100 1641 2150 eclogis

77 2159 254 2198 Anatolii
280 2172 359 2198 non
385 2160 544 2199 fluxisse
570 2161 611 2199 in
637 2174 684 2200 ea
708 2161 863 2200 ratione
889 2161 1064 2211 positum
1086 2164 1161 2212 est,
1184 2173 1284 2211 quae
1309 2159 1520 2198 intercedit
1538 2160 1642 2198 inter

77 2219 234 2268 eclogas
272 2218 451 2258 Anatolii
490 2223 530 2259 et
566 2220 801 2260 Palladium.
861 2221 1083 2260 Palladium
1121 2233 1220 2270 opus
1251 2220 1537 2258 Anatolianum
1573 2220 1640 2258 ad-

77 2277 256 2317 hibuisse
282 2279 531 2328 exploratum
558 2282 630 2319 est.
674 2281 799 2331 Atqui
819 2280 989 2319 Palladii
1013 2293 1101 2319 cum
1121 2280 1236 2319 libris
1258 2279 1447 2318 extremis
1469 2278 1641 2330 Syriacis

77 2340 291 2376 concentus
311 2339 468 2377 tantum
487 2352 566 2378 non
584 2340 718 2379 nullus
740 2343 811 2379 est.
851 2339 961 2386 Quae
981 2353 1074 2379 vero
1094 2340 1199 2379 inter
1213 2340 1438 2378 Palladium
1459 2343 1499 2377 et
1518 2339 1641 2378 libros

78 2396 177 2435 XIII
197 2399 238 2436 et
255 2397 349 2435 XIV
377 2397 572 2447 epitomae
591 2398 856 2439 Londinensis
876 2400 1129 2449 conveniunt,
1155 2412 1202 2438 ea
1222 2398 1446 2438 Palladium
1467 2398 1518 2436 ab
1535 2399 1639 2437 Ana·

80 2456 176 2494 tolio
190 2458 418 2495 mutuatum
433 2469 518 2497 esse
531 2471 692 2508 prorsus
706 2460 844 2509 nequit
857 2459 1031 2511 probari,
1050 2472 1139 2498 cum
1153 2459 1279 2509 possit
1292 2471 1339 2497 ex
1351 2458 1507 2496 Latinis
1521 2458 1641 2508 scrip-

81 2515 235 2555 toribus
255 2515 446 2568 Varrone,
466 2516 607 2568 Plinio,
628 2517 848 2557 Columella
869 2513 1172 2572 sumpsisse.²²²)
1215 2518 1358 2568 Itaque
1383 2530 1473 2557 non
1499 2530 1640 2556 unum

80 2577 130 2614 et
154 2575 357 2625 simplex
383 2579 487 2615 erat
511 2577 656 2626 illud,
683 2579 802 2628 quod
822 2578 1024 2629 Sergius
1050 2577 1282 2628 condidit,
1308 2577 1362 2615 de
1386 2590 1436 2615 re
1455 2577 1642 2616 rustica

78 2646 214 2685 opus,
246 2636 326 2674 sed
360 2636 618 2675 constabat
649 2649 670 2675 e
696 2640 905 2687 quatuor
928 2638 1154 2688 partibus
1179 2637 1310 2676 inter
1336 2649 1384 2675 se
1410 2636 1640 2686 diversis,

77 2693 300 2732 nimirum
333 2707 354 2733 e
386 2695 610 2734 versione
637 2697 911 2746 eclogarum
937 2697 1158 2736 Anatolii
1185 2691 1249 2749 (G.
1271 2696 1307 2735 S.
1327 2692 1515 2748 1—X11)‚
1543 2698 1640 2746 epi-

0 2758 2 2761 '
78 2754 205 2792 toma
237 2754 415 2805 operis,
448 2754 570 2805 quod
602 2755 659 2794 ad
688 2756 970 2795 medicinam
998 2756 1344 2795 veterinariam
1371 2758 1640 2806 spectabat,

79 2809 192 2860 περὶ
222 2812 363 2854 ζωῶν
399 2812 648 2861 γενέεεωε
681 2813 760 2853 καὶ
791 2812 1016 2865 ἰατρείας
1042 2810 1106 2868 (G.
1128 2815 1164 2854 S.
1185 2815 1281 2853 XIII
1306 2814 1479 2865 1—66)‚
1505 2828 1640 2864 para-

80 2870 214 2910 doxis
246 2873 300 2911 de
327 2874 523 2912 cultura
547 2886 786 2924 pomorum
813 2869 878 2928 (G.
900 2875 941 2914 S.
959 2875 1058 2913 XIII
1079 2869 1283 2928 67-74),
1310 2875 1482 2913 libello
1508 2875 1639 2913 deni·

84 2942 170 2980 que
207 2931 261 2970 de
299 2932 446 2971 melle
483 2935 529 2971 et
565 2934 668 2983 pice
700 2927 766 2988 (G.
793 2933 831 2973 S.
852 2929 979 2988 XIV).
1011 2955 1065 2961 —
1100 2935 1159 2972 Ex
1192 2933 1251 2972 his
1283 2936 1442 2983 praeter
1472 2934 1639 2983 primam
