1820 3126
536 108 825 145 Lucubrationes
851 107 1134 154 Syro-Graecae.
1523 106 1611 148 435

61 223 279 274 aequaliter
303 235 375 273 per
400 235 546 273 omnes,
572 222 620 260 de
646 222 790 273 quibus
817 222 1047 271 disputatur
1071 222 1273 261 versiones
1299 222 1423 270 patet.
1472 219 1610 270 Neque

61 284 167 322 enim
189 282 275 321 ulla
298 282 382 320 eius
407 282 564 332 generis
590 281 815 321 discrimina
839 281 969 321 versio
995 281 1088 319 libri
1113 281 1160 320 de
1186 281 1343 328 mundo,
1371 279 1611 330 paucissima

59 355 131 393 pro
162 344 251 381 rata
280 344 394 391 parte
424 342 553 380 versio
586 341 776 380 orationis
808 340 1088 391 Demoniceae,
1127 341 1244 391 longe
1276 340 1450 390 plurima
1481 339 1610 378 versio

58 402 184 441 libelli
209 401 256 440 de
281 402 341 439 ira
364 400 592 439 Plutarchei
618 401 786 440 exhibet.
836 400 984 439 Iisdem
1009 400 1091 438 fere
1116 400 1262 438 finibus
1287 398 1541 438 continentur
1570 399 1610 436 in

58 460 453 512 interpretationibus
473 459 650 510 Luciani,
671 460 892 511 Themistii,
913 459 1300 507 Pseudo-Plutarchi,
1327 460 1383 507 ut,
1409 458 1504 508 quid
1524 471 1609 496 sen-

59 521 173 568 tiam,
201 521 322 559 etiam
347 520 395 558 de
420 519 476 558 eis
502 519 749 559 versionibus
776 519 914 570 dicam,
939 532 1107 570 quarum
1133 519 1314 569 exempla
1339 517 1492 556 Graeca
1516 531 1611 568 quo-

61 580 167 620 niam
191 580 444 628 interierunt,
469 591 531 617 res
557 581 664 618 certo
691 579 888 629 explorari
919 592 997 618 non
1022 581 1166 629 potest.
1185 599 1244 605 -——
1270 577 1419 617 Verum
1444 577 1611 627 prolatis

59 639 248 690 exemplis
280 652 363 678 rem
393 639 603 678 illustrem.
652 638 831 678 Primum
863 639 940 678 huc
977 638 1189 677 revocandi
1219 642 1312 677 sunt
1349 637 1378 675 ii
1414 637 1507 685 loci,
1544 637 1612 675 ubi

58 699 204 738 nimia
227 698 462 749 religione
493 698 642 737 factum
668 701 746 749 est,
778 701 839 750 ut,
874 711 974 749 quae
1000 699 1051 737 ad
1075 697 1316 737 Graecorum
1343 697 1390 735 de
1415 697 1499 735 deis
1526 710 1614 746 per-

60 759 282 799 suasionem
313 759 555 808 spectarent,
593 760 665 797 aut
701 771 863 808 prorsus
895 759 1175 797 omitterentur
1207 759 1278 795 aut
1307 757 1614 795 immutarentur

62 820 129 870 ita,
154 821 200 857 ut
225 831 313 857 cum
340 817 655 856 Christianorum
680 818 929 868 opinionibus
955 819 1037 857 fere
1063 817 1331 865 convenirent,
1355 817 1468 855 velut
1494 816 1611 855 Isocr.

60 878 110 917 ad
136 878 244 918 Dem.
268 876 317 917 A.
344 876 382 916 S.
412 878 512 926 168,
540 878 582 928 9,
612 879 707 928 176,
728 879 802 928 83,
827 878 920 916 Luc.
948 878 994 916 de
1020 878 1091 917 cal.
1116 877 1147 916 Ι.
1175 876 1211 915 S.
1240 878 1312 924 11,
1341 878 1412 926 12,
1441 877 1512 924 15,
1543 878 1614 926 19,

64 937 254 976 Themist.
280 937 328 976 de
354 936 466 975 amic.
492 935 523 977 Ι.
545 936 583 975 S.
607 938 675 988 49,
698 938 769 988 18,
790 938 858 988 51,
880 939 922 988 7,
945 939 1012 987 52,
1033 939 1076 987 6,
1099 938 1165 985 60,
1188 937 1260 986 18,
1285 936 1390 974 Plut.
1417 936 1464 974 de
1490 936 1617 974 cohib.

62 997 108 1036 ir.
133 997 179 1035 A.
207 996 245 1035 S.
275 997 376 1047 188,
399 998 470 1045 21,
500 998 600 1047 191,
622 998 658 1036 7.
708 997 834 1047 Atqui
859 996 1060 1047 Sergium,
1085 1009 1201 1047 quem
1228 995 1461 1035 confirmata
1484 996 1617 1034 aetate

62 1059 191 1096 toturn
215 1057 342 1107 magis
369 1055 523 1104 studiis,
548 1068 649 1106 quae
675 1069 699 1095 a
718 1069 962 1106 paganorum
981 1056 1146 1095 scientia
1165 1060 1205 1094 et
1223 1055 1368 1094 litteris
1387 1055 1618 1106 penderent,

65 1129 182 1167 quam
208 1115 487 1155 controversiis
521 1117 562 1154 et
586 1116 844 1167 religionibus
870 1118 1068 1155 sectarum
1094 1115 1410 1154 Christianarum
1439 1114 1615 1153 deditum

0 1171 4 1179 ²
63 1175 184 1215 fuisse
203 1175 386 1225 vidimus,
411 1174 552 1214 merito
575 1178 760 1225 putemus
780 1178 917 1215 tantae
938 1175 1230 1226 superstitionis
1250 1174 1425 1214 tenebris
1445 1174 1616 1213 offusum

0 1248 3 1261 ³
63 1235 203 1286 fuisse,
234 1236 280 1273 ut
309 1234 374 1274 vel
403 1234 445 1273 in
475 1235 724 1274 nominandis
755 1235 841 1274 deis
873 1238 1054 1275 veterum
1085 1234 1294 1274 haereret?
1345 1233 1526 1282 Accedit,
1559 1237 1616 1285 ut,

0 1303 1 1307 ’
61 1307 180 1346 quam
215 1293 435 1334 liberaliter
473 1297 512 1333 et
548 1294 720 1339 humane
752 1294 915 1345 Sergius
954 1296 1140 1345 senserit,
1179 1308 1200 1334 e
1231 1294 1410 1333 versione
1442 1293 1534 1331 libri
1567 1294 1614 1332 de

0 1396 2 1398 ,
58 1354 204 1395 mundo
224 1353 394 1392 dilucide
414 1356 614 1405 appareat,
634 1354 703 1393 ubi
722 1355 931 1394 afferendis
946 1356 1014 1406 eis,
1034 1367 1135 1405 quae
1149 1367 1396 1404 paganorum
1410 1353 1613 1402 opiniones

0 1407 6 1430 ³
59 1415 267 1464 cultusque
293 1416 490 1463 saperent,
514 1414 674 1452 minime
701 1414 874 1453 offendit.
884 1408 957 1468 44¹)
986 1436 1036 1442 —
1064 1414 1177 1453 Idem
1203 1414 1285 1452 fere
1310 1413 1418 1452 cadit
1441 1413 1483 1451 in
1508 1413 1614 1452 locos

58 1473 152 1512 Luc.
178 1474 226 1511 de
251 1473 322 1512 cal.
348 1473 378 1511 I.
404 1472 442 1513 S.
470 1475 506 1523 1,
529 1474 600 1524 11,
622 1474 660 1524 5,
680 1475 718 1524 3,
740 1475 780 1524 6,
804 1475 842 1525 8,
863 1476 906 1524 3,
931 1476 996 1520 14,
1020 1477 1060 1524 1,
1087 1474 1276 1512 Themist.
1303 1474 1352 1511 de
1378 1472 1490 1511 amic.
1516 1472 1547 1511 I.
1575 1472 1614 1512 S.

0 1564 2 1566 v
60 1534 133 1582 60,
157 1535 198 1583 13
226 1534 298 1582 63,
319 1534 362 1582 8,
387 1532 467 1583 ubi,
494 1545 594 1583 quae
620 1534 675 1572 ad
701 1546 776 1572 res
802 1537 1018 1573 veterum
1050 1533 1264 1573 scenicas
1290 1532 1539 1582 spectabant,
1574 1535 1615 1570 et

58 1592 152 1632 Luc.
180 1592 227 1631 de
251 1593 323 1631 cal.
347 1591 379 1631 I.
405 1591 442 1630 S.
470 1593 514 1640 8,
536 1594 608 1642 18,
641 1593 746 1631 Plut.
773 1593 820 1632 de
845 1593 972 1632 cohib.
997 1594 1043 1633 ir.
1068 1593 1116 1631 A.
1143 1592 1180 1631 S.
1212 1594 1313 1643 190,
1341 1593 1385 1642 8,
1415 1593 1517 1641 194,
1545 1593 1613 1641 24,

58 1652 138 1702 ubi,
164 1664 263 1703 quae
290 1651 346 1690 ad
371 1651 687 1703 agonisticas,
712 1654 996 1702 praetermissa
1016 1655 1120 1691 sunt.
1164 1652 1259 1698 Quis
1280 1652 1386 1690 enim
1412 1652 1514 1690 serio
1536 1652 1612 1690 sibi

57 1712 294 1761 persuadeat
318 1711 449 1750 virum
468 1712 731 1751 Alexandriae
755 1712 883 1751 medio
908 1713 992 1751 fere
1017 1713 1173 1752 saeculo
1200 1713 1340 1762 quinto
1370 1711 1516 1750 litteris
1542 1711 1613 1749 im-

58 1771 219 1819 butum,
256 1783 355 1822 quae
387 1771 596 1822 tragoedia
626 1774 746 1823 esset,
778 1785 880 1823 quae
910 1771 1129 1821 comoedia,
1164 1772 1232 1822 qui
1264 1767 1614 1819 παγκρατιάετηε,

58 1843 159 1881 quae
184 1827 433 1879 παλαίετρα,
463 1830 720 1881 ignoravisse.
770 1830 872 1877 Quin
904 1832 1026 1872 etiam
1049 1832 1175 1870 fuisse
1200 1831 1376 1882 aliquam
1402 1831 1444 1869 in
1471 1830 1611 1881 Sergio

59 1891 278 1929 doctrinam
307 1889 571 1940 antiquariam
602 1891 666 1930 vel
697 1903 744 1930 ex
774 1891 859 1931 loco
890 1892 1013 1930 Arist.
1046 1891 1095 1930 de
1124 1891 1257 1929 mund.
1286 1891 1333 1929 A.
1360 1890 1397 1929 S.
1426 1891 1530 1941 135,
1561 1892 1611 1929 19

59 1943 162 2004 (391
185 1949 222 1988 Α
249 1951 299 1988 21
329 1950 388 1988 ed.
414 1945 592 2002 Bekker)
620 1951 765 2002 elucet,
791 1951 858 1990 ubi
884 1949 933 1990 τὸ
961 1948 1174 1999 Κωρύκιον
1200 1946 1357 1999 ἄντρον
1383 1950 1515 1988 reddit
1540 1963 1612 2000 per

60 2009 302 2070 μύω,
328 2004 495 2066 Low
521 2023 593 2060 005
617 2008 747 2060 lla-,02
779 2018 1022 2067 „templum,
1057 2017 1162 2067 quod
1194 2016 1338 2054 dicitur
1364 2012 1616 2066 Corycium“,

59 2093 147 2119 eum
173 2081 273 2120 sciat
291 2093 430 2130 specus
449 2081 548 2119 illud
573 2094 663 2120 cum
681 2082 800 2120 rebus
820 2082 941 2120 sacris
962 2085 1142 2121 veterum
1162 2081 1417 2120 coniunctum
1436 2093 1532 2119 esse.
1559 2102 1607 2108 —-

59 2140 182 2179 Porro
207 2140 302 2179 Luc.
327 2141 375 2179 de
400 2141 474 2180 cal.
499 2140 529 2179 I.
551 2140 587 2179 S.
614 2142 652 2191 3,
675 2142 746 2191 23,
773 2143 811 2191 4,
834 2143 905 2191 21,
933 2141 1124 2180 Themist.
1151 2141 1198 2179 de
1225 2140 1337 2179 amic.
1363 2141 1394 2178 I.
1417 2140 1454 2178 S.
1481 2141 1549 2189 48,
1573 2143 1616 2191 9,

0 2254 2 2256 v
59 2199 164 2238 Plut.
196 2200 243 2238 de
275 2199 402 2239 cohib.
427 2200 473 2238 ir.
501 2200 545 2239 A.
573 2200 609 2239 S.
639 2202 739 2251 193,
761 2202 813 2239 25
842 2202 987 2239 omissa
1012 2203 1106 2239 sunt
1131 2201 1349 2250 exempla
1380 2213 1400 2238 e
1433 2200 1616 2238 fabulis

60 2258 343 2298 Graecorum
363 2259 552 2298 Themist.
578 2259 627 2298 de
651 2261 762 2299 amic.
789 2260 819 2298 I.
841 2259 877 2299 S.
899 2261 967 2310 55,
989 2262 1061 2311 11,
1089 2260 1192 2300 Plut.
1219 2260 1267 2298 de
1293 2260 1420 2298 cohib.
1439 2259 1486 2298 ir.
1505 2259 1552 2298 A.
1575 2259 1615 2298 S.

0 2337 2 2339 ·
65 2319 159 2368 188,
186 2320 238 2358 28
255 2331 303 2369 s.;
331 2320 427 2369 195,
457 2320 498 2367 1,
529 2332 550 2357 e
582 2320 810 2358 memoria
834 2333 992 2358 rerum
1019 2322 1267 2371 gestarum
1293 2322 1499 2370 sumpta,
1526 2332 1615 2357 cum

61 2378 237 2417 eiusdem
283 2379 438 2430 generis
482 2378 561 2416 alia
603 2379 731 2417 multa
771 2381 930 2418 tantum
971 2392 1051 2419 non
1093 2380 1143 2418 ad
1186 2380 1351 2418 verbum
1397 2379 1616 2428 exprimere

60 2436 220 2489 Sergius
241 2439 398 2476 soleret.
420 2458 474 2464 —
494 2438 646 2476 Eadem
663 2438 928 2478 inconstantia
946 2442 1007 2478 est
1026 2439 1073 2478 in
1092 2439 1341 2478 vertendis
1365 2442 1616 2487 poetarum

0 2505 5 2525 ³
63 2496 345 2536 Graecorum
374 2497 551 2546 verbis,
584 2510 684 2547 quae
709 2498 883 2537 incertus
909 2499 1002 2538 libri
1027 2499 1074 2538 de
1099 2499 1246 2536 mundo
1272 2499 1427 2548 auctor,
1460 2497 1617 2536 Themi—

65 2556 181 2605 stius,
212 2556 451 2596 Plutarchus
482 2556 653 2606 plurima
682 2557 859 2597 laudant.
910 2558 1002 2597 Alia
1037 2558 1141 2597 enim
1171 2570 1324 2596 summa
1348 2556 1425 2595 fide
1452 2557 1615 2607 Syriace

0 2637 3 2658 ς
64 2628 249 2665 expressa
273 2618 384 2667 sunt,
413 2616 493 2654 alia
518 2618 588 2654 aut
612 2628 775 2666 prorsus
801 2617 948 2656 omissa
972 2619 1040 2656 aut
1065 2618 1124 2656 ita
1149 2630 1237 2656 cum
1263 2618 1449 2655 contextu
1474 2629 1616 2667 prosae

0 2714 1 2723 ,
65 2675 252 2714 orationis
270 2676 476 2725 permixta,
503 2678 548 2714 ut
567 2677 772 2725 poetarum
790 2677 1007 2716 sententias
1027 2677 1184 2715 laudari
1207 2689 1228 2714 e
1249 2676 1343 2715 solis
1365 2676 1613 2715 versionibus

66 2732 237 2784 Syriacis
262 2747 402 2784 parum
428 2735 751 2784 perspiceremus.
795 2735 988 2787 Exempla
1007 2736 1091 2775 eius
1110 2736 1294 2774 licentiae
1314 2738 1407 2774 sunt
1426 2736 1615 2774 Themist.

0 2817 2 2820 ψ
65 2793 114 2832 de
137 2794 249 2833 amic,
272 2794 302 2833 Ι.
323 2794 362 2833 s.
383 2795 450 2845 48,
473 2796 544 2842 19,
565 2795 633 2843 49,
657 2796 727 2844 11;
749 2795 817 2843 52,
839 2796 876 2846 2,
898 2797 935 2843 5,
958 2797 1029 2844 113
1051 2796 1119 2844 54,
1140 2796 1193 2833 22
1211 2807 1258 2845 s.;
1285 2794 1390 2834 Plut.
1416 2795 1464 2834 de
1489 2795 1616 2833 cohib.

61 2851 112 2891 ir.
137 2853 184 2891 A.
211 2852 248 2891 S.
278 2854 372 2905 187,
399 2855 482 2904 83.,
511 2856 581 2902 17,
612 2855 712 2904 188,
740 2855 782 2902 6,
811 2856 883 2906 10,
913 2857 984 2905 14,
1014 2857 1114 2901 189,
1144 2855 1214 2905 14,
1245 2855 1315 2903 19,
1346 2855 1447 2904 190,
1474 2856 1618 2904 3,18;

70 2913 164 2961 193,
184 2914 250 2952 25.
270 2933 329 2940 -
356 2913 532 2963 Denique
552 2912 645 2951 Luc.
668 2913 716 2951 de
735 2913 806 2952 cal.
831 2913 861 2953 I.
882 2913 920 2952 S.
943 2916 980 2965 9,
1004 2916 1074 2964 18,
1102 2913 1292 2952 Themist.
1319 2913 1367 2952 de
1393 2913 1505 2953 amic.
1530 2913 1561 2951 I.
1582 2913 1618 2951 S.

1267 2978 1336 3014 28*
