1820 3126
9 1249 39 1350 zm
11 1108 45 1249 3-4Ηῇῶέ
0 970 35 1071 -ἿΜ
35 938 40 947 ,
10 832 26 877 Ἣ
16 803 29 811 ²
17 759 26 781 ⁵*
7 657 28 712 ''f—³¹⁴⁷*
8 386 47 641 *12⁷*⁸*”2‘¹'‘'‘‚.2{3†
14 302 50 378 ,αἰξί
15 237 38 273 ,ῑζ
15 100 43 223 >,ν,ι

56 818 57 822 Α
50 767 52 770 «
48 659 57 674 τι,
48 571 51 577 κ
47 529 60 545 ,ν
47 459 49 461 -
47 423 50 424 =
51 275 54 278 ,
51 247 57 254 f,
47 203 50 206 ,
46 88 59 154 ew„
47 30 60 57 ,ΑΞ

0 1525 30 1554 »ἕ
0 1355 35 1519 avenacea„

571 126 863 164 Lucubrationes
889 127 1174 174 Syro-Graecae.
1562 130 1648 172 463

208 241 286 280 XII
299 241 459 289 425‚27
483 239 547 279 PS
567 241 632 281 θεῖ
651 237 786 291 μόνον
811 241 955 292 reliqui
974 241 1054 280 lbb.
1070 240 1156 281 Grr.
1178 239 1312 291 μόνον
1332 244 1477 283 omisso
1497 238 1655 298 seim),

209 299 324 340 XXII
342 301 440 350 428,
463 302 516 339 12
544 301 610 340 PS
636 299 841 351 διαβολὴν
867 301 1010 352 reliqui
1036 301 1116 341 lbb.
1143 301 1232 342 Grr.
1258 298 1582 358 ἐπιβουλὴν729),

4 370 7 402 ,’
94 360 215 399 semel
240 373 329 399 cum
354 359 575 399 Gorlicensi
598 360 637 399 A

205 419 428 470 XXX429‚
443 420 497 459 33
518 419 590 458 As
610 418 689 470 χρὴ
709 420 850 459 ποιεῖν
875 420 1017 470 reliqui
1038 420 1118 460 lbb.
1135 420 1221 461 Grr,
1245 420 1323 471 χρὴ
1341 419 1408 461 καὶ
1423 422 1563 462 ποιεῖν
1572 417 1655 476 ⁷³⁰),

51 486 55 504 ³
93 481 134 520 et
157 492 246 518 cum
271 479 497 518 Monacensi
520 479 554 518 P
578 483 700 530 atque
726 478 1043 530 Guelferbytano
1070 480 1102 518 F

206 538 287 578 XII
306 540 403 588 425,
425 540 479 578 28
501 552 532 580 s.
552 552 582 578 s.
616 539 722 578 PFS
753 539 1004 588 κακουργῶν
1033 561 1082 566 -
1114 561 1168 567 -
1196 562 1249 567 -
1278 540 1654 590 πολυπραγμονῶν

2 603 20 629 ’ὲ
39 607 59 625 ⁵
89 598 233 650 reliqui
256 597 338 637 lbb.
365 598 453 637 Grr.
481 599 708 648 κακουργεῖ
732 619 790 626 -—
815 620 875 625 —
899 619 955 626 ——
981 595 1418 653 πολυπραγμονεῑ.731)

206 657 369 709 Aliquid
394 658 562 709 denique
587 659 686 711 eius,
711 671 813 709 quae
839 662 926 699 erat
950 660 991 698 in
1011 659 1050 708 S,
1075 660 1295 710 scripturae
1321 662 1507 710 praetera
1532 662 1653 700 semel

43 707 58 755 fl
86 717 249 757 ‘duravit
272 718 314 756 in
338 717 502 757 ADFG

206 777 300 816 XXI
325 778 424 828 430,
446 779 500 816 14
537 777 700 817 ADFG
736 775 881 827 ἥκιετα
917 774 1081 829 ἄδικον,
1132 778 1158 817 S
1196 776 1340 828 ἥκιετα
1378 775 1546 819 ἔνδικον
1579 775 1655 833 (ita

5 826 62 910 Ξ
89 837 320 949 Ξιὲἷῖξᾱῐῖιὲ.)
349 850 395 876 ex
429 834 608 878 ἐνδίκων
638 838 738 877 conf.
772 852 810 888 p.
836 832 942 892 455)
992 839 1135 890 reliqui
1167 838 1247 878 lbb.
1280 838 1368 877 Grr.
1401 836 1481 888 οὐχ
1511 837 1655 889 ἥκιετα

207 956 334 1006 Atqui
361 956 475 996 libris
500 957 619 997 DGP
644 958 685 996 in
709 957 796 1008 ipso
821 958 870 996 de
896 957 1094 996 calumnia
1119 958 1255 996 libello
1282 971 1302 996 e
1328 958 1498 1009 familia,
1532 971 1651 1009 quam

90 1016 314 1065 constituit,
345 1016 478 1066 priore
508 1017 658 1067 aliquid
686 1017 902 1056 admistum
934 1030 1020 1056 esse
1046 1017 1322 1057 Rothsteinius
1348 1018 1472 1057 docet.
1522 1017 1650 1057 Gorli-

95 1075 222 1115 censis
248 1077 396 1128 autem,
422 1078 470 1116 ut
493 1077 534 1115 in
558 1077 706 1116 libellis
725 1077 817 1116 inde
836 1089 861 1115 a
880 1077 1043 1116 Timone
1062 1090 1188 1127 usque
1207 1078 1258 1116 ad
1278 1077 1521 1116 Piscatorem
1539 1079 1650 1117 totus

89 1134 198 1174 illius
229 1135 408 1175 familiae
441 1139 517 1186 est,
548 1136 608 1175 ita
637 1137 677 1175 in
710 1136 800 1175 aliis
831 1149 987 1187 quoque
1014 1137 1162 1176 libellis
1186 1137 1278 1176 inde
1303 1137 1438 1188 aliqua
1463 1150 1509 1176 ex
1534 1140 1650 1188 parte

90 1194 250 1234 videtur
285 1196 466 1245 pendere.
526 1196 706 1246 Denique
742 1209 792 1235 ne
828 1196 871 1234 in
906 1197 1009 1236 libro
1039 1197 1071 1235 F
1108 1196 1268 1247 quidem
1304 1208 1468 1247 prorsus
1506 1198 1651 1236 desunt

88 1254 231 1304 prioris
268 1255 444 1294 familiae
482 1256 662 1306 vestigia.
725 1255 972 1307 Suspicari
1008 1256 1134 1307 igitur
1170 1257 1287 1296 licet
1321 1257 1650 1307 apographum

90 1313 372 1364 Sergianum
408 1315 564 1354 artius
598 1316 854 1355 cohaerere
888 1328 988 1354 cum
1019 1316 1183 1366 priore
1215 1316 1404 1355 familia
1434 1317 1649 1355 codicum

89 1372 390 1415 Lucianeorum.
437 1374 484 1413 Id
510 1375 613 1426 quod
639 1375 674 1415 si
698 1376 855 1426 quando
879 1375 1057 1425 potuerit
1074 1377 1183 1415 certo
1203 1375 1479 1424 demonstrari,
1505 1376 1648 1414 mirum

88 1436 281 1484 quantum
306 1435 536 1473 auctoritati
560 1435 704 1485 prioris
730 1434 907 1474 familiae
932 1435 1224 1475 firmamentum
1250 1435 1579 1486 suppeditabitur.

204 1493 410 1533 Postremo
443 1494 620 1533 breviter
650 1495 858 1534 dicendum
890 1498 951 1534 est
981 1494 1035 1534 de
1067 1495 1279 1545 capitum
1311 1495 1492 1544 ordine,
1530 1508 1646 1545 quem

0 1550 22 1605 ἒ
89 1552 293 1592 Bekkerus
331 1554 481 1593 temere
517 1554 701 1594 tentavit.
755 1553 868 1600 Quod
907 1555 1011 1594 enim
1044 1555 1252 1594 Bekkerus
1289 1558 1489 1604 numerat,
1529 1557 1650 1605 caput

12 1607 18 1616 ²
87 1612 319 1652 vicesimum
344 1613 558 1663 septimum
582 1613 623 1652 in
650 1613 852 1662 omnibus,
881 1614 950 1665 qui
974 1614 1103 1654 adhuc
1129 1614 1345 1654 examinati
1370 1616 1479 1664 sunt,
1504 1614 1646 1653 codici-

88 1671 162 1710 bus
194 1671 356 1712 Graecis
392 1676 486 1722 post
522 1669 658 1723 caput'
677 1674 1027 1713 undetricesimum
1059 1674 1234 1713 Bekkeri
1272 1674 1464 1724 scriptum
1504 1674 1648 1713 exstat.

89 1731 214 1781 Atqui
237 1732 367 1771 versio
388 1732 552 1782 Syriaca
577 1733 625 1772 de
650 1734 786 1773 ordine
811 1733 987 1784 capitum
1010 1734 1174 1773 illorum
1197 1734 1317 1785 plane
1336 1746 1427 1773 cum
1445 1734 1647 1773 codicibus

0 1824 10 1829 „
70 1789 252 1830 'Graecis
277 1792 470 1831 convenit.
519 1792 619 1831 Mihi
643 1794 881 1833 auctoritate
907 1794 1128 1845 apographi
1154 1793 1335 1845 Sergiani
1354 1793 1537 1844 quaestio
1556 1806 1645 1844 pro-

3 1842 20 1904 Ξ
88 1849 227 1900 fligata
253 1863 339 1890 esse
364 1851 534 1891 videtur.
583 1852 721 1903 Neque
747 1853 863 1902 enim,
889 1866 978 1892 mea
1002 1853 1161 1904 quidem
1187 1854 1395 1904 sententia,
1420 1865 1492 1903 per
1517 1865 1559 1892 se
1579 1853 1647 1892 ad-

10 1915 33 1955 j
87 1908 248 1948 modum
273 1911 358 1950 veri
378 1911 507 1950 simile
526 1913 589 1951 est
607 1912 686 1951 iam
705 1912 862 1952 saeculo
880 1926 918 1964 p.
939 1911 1010 1952 Ch.
1029 1927 1066 1952 n.
1087 1913 1226 1965 quinto
1245 1913 1287 1952 in
1307 1913 1463 1964 scriptis
1483 1912 1648 1951 Luciani

5 1966 22 2007 ἦ
86 1970 262 2008 totorum
288 1971 465 2021 capitum
490 1972 666 2011 ordinem
693 1973 900 2011 turbatum
926 1973 1061 2012 fuisse.
1103 1972 1281 2024 Accedit,
1306 1975 1352 2011 ut
1375 1972 1646 2022 difficultates,

19 2068 35 2085 4
86 2027 128 2067 in
147 2029 290 2079 quibus
305 2030 525 2082 Bekkerus,
544 2031 720 2071 haesisse
741 2032 912 2083 videtur,
932 2033 1159 2073 testimonio
1173 2032 1304 2084 Sergii
1325 2032 1647 2071 submoveantur.

86 2087 419 2129 Proficiscendum
445 2093 507 2130 est
531 2091 581 2130 ab
608 2092 795 2131 extremis
816 2093 958 2142 capitis
979 2093 1287 2142 undetricesimi,
1313 2091 1419 2143 quod
1438 2092 1646 2130 Bekkerus

0 2154 34 2204 fa·
85 2151 285 2197 numerat,
322 2150 472 2189 verbis:
517 2147 655 2190 οὕτως
697 2147 889 2201 ἔμφυτον
927 2148 1080 2191 ἅπαειν
1118 2148 1360 2201 ἀνθρώποις
1396 2149 1423 2201 ἡ
1461 2149 1558 2200 περὶ
1594 2149 1648 2190 τὰ

86 2208 261 2247 τοιαῦτα
291 2205 482 2258 ἁμαρτία.
532 2209 641 2256 Quae
672 2211 852 2250 clausula
877 2213 1019 2263 aptum
1043 2213 1176 2251 locum
1201 2211 1359 2251 videtur
1383 2212 1531 2250 habere
1556 2224 1646 2262 pro-

87 2266 180 2307 latis
223 2268 424 2320 omnibus,
467 2270 610 2320 quibus
653 2273 868 2322 praecepta
909 2284 981 2310 sua
1017 2271 1250 2311 confirmare
1289 2272 1459 2322 scriptor
1497 2271 1646 2321 studet,

19 2350 26 2370 1-
86 2327 285 2378 exemplis.
342 2328 458 2368 Unde
491 2330 633 2369 merito
667 2331 886 2380 permirum
919 2331 1103 2371 videatur
1136 2333 1229 2382 post
1264 2344 1310 2370 ea
1343 2332 1467 2371 verba
1501 2343 1645 2370 novam

85 2385 256 2438 incipere
281 2400 306 2426 a
329 2389 485 2427 nomine
511 2388 683 2429 Socratis
709 2391 980 2442 exemplorum
1005 2391 1160 2430 seriem.
1210 2390 1288 2430 Sed
1312 2391 1453 2440 verba,
1489 2390 1646 2440 quibus,

25 2482 28 2483 ⁷
86 2445 180 2496 quid
205 2460 252 2486 ex
277 2448 410 2487 allatis
437 2449 626 2499 exemplis
653 2449 751 2489 disci
769 2451 908 2501 possit,
934 2453 1091 2490 tantum
1110 2463 1190 2490 non
1207 2451 1400 2500 puerilem
1421 2451 1461 2488 in
1481 2450 1645 2488 modum

23 2532 34 2546 1
87 2507 444 2559 comprehenditur,
470 2508 550 2547 iam
577 2509 797 2559 significavi
822 2510 872 2549 ab
896 2511 1127 2561 apographo
1147 2510 1338 2560 Sergiano
1359 2509 1488 2548 aliena
1507 2509 1642 2548 fuisse.

31 2562 34 2590 ἶ
87 2563 209 2604 Porro
234 2569 394 2606 servata
418 2568 460 2606 in
487 2568 746 2619 sequentibus
771 2569 949 2609 codicum
970 2568 1211 2609 Graecorum
1231 2569 1430 2619 scriptura
1455 2568 1643 2617 Socratis,

23 2630 27 2662 Ῑ
86 2623 289 2676 Miltiadis,
308 2626 586 2666 Themistoclis
606 2629 787 2679 exempla
805 2629 939 2668 afferri
957 2630 1155 2681 videntur,
1174 2629 1317 2679 quibus
1338 2641 1458 2679 quam
1474 2628 1642 2667 maxime

24 2684 35 2730 j·
86 2683 306 2724 inculcetur
331 2699 428 2738 esse,
454 2700 543 2726 cum
568 2701 618 2726 ne
642 2688 883 2727 iustissimus
908 2689 1067 2739 quidem
1091 2702 1115 2728 a
1137 2688 1413 2728 calumniando
1433 2689 1643 2727 abstineat.

27 2765 38 2783 ι,
72 2742 144 2782 ‘At
168 2744 268 2783 illud
292 2747 482 2797 exemplis
507 2747 595 2786 istis
622 2747 780 2786 omnino
803 2748 965 2798 probari
990 2749 1142 2799 nequit.
1193 2746 1342 2787 Contra
1366 2747 1400 2786 si
1425 2759 1515 2786 cum
1541 2747 1640 2797 Syro

24 2799 36 2830 ἱ
86 2802 254 2854 legimus
279 2802 319 2844 τί
343 2803 424 2855 γὰρ
450 2801 503 2845 ἄν
528 2817 590 2845 τις
614 2804 692 2846 τὸν
717 2803 942 2858 (ωκράτην
968 2806 1097 2857 λέγοι,
1122 2806 1417 2857 praeteritionis
1442 2807 1642 2846 schemate

22 2859 31 2872 ⁵
87 2873 183 2903 usus
220 2865 391 2915 scriptor
427 2865 647 2915 Socratem,
691 2866 927 2916 Miltiadem,
973 2867 1281 2906 Themistoclem
1318 2866 1447 2906 obiter
1482 2868 1640 2905 tantum

27 2946 31 2947 ν
87 2926 378 2975 commemorat,
402 2927 450 2964 ut
474 2925 743 2965 celeberrimis
770 2927 929 2966 illorum
955 2927 1145 2977 exemplis
1171 2926 1221 2964 ad
1246 2925 1513 2966 confirmanda
1530 2936 1641 2975 prae-
