1820 3126
233 115 318 157 384
850 117 891 154 A.
911 117 1145 154 Baumstark:

236 240 376 267 nomen
396 227 522 278 Sergii
547 229 586 266 in
611 228 859 277 proverbium
884 228 1010 268 abiret
1027 231 1226 279 tamquam
1247 229 1527 268 accuratissimi
1548 231 1588 268 et
1605 230 1759 280 elegan-

242 287 387 326 tissimi
414 287 650 337 interpretis.
674 307 732 313 —
757 287 951 326 Fanaticis
977 288 1132 337 quidem
1158 288 1218 325 vir
1241 287 1386 338 ingenii
1411 287 1584 326 liberalis
1609 290 1650 326 et
1674 301 1760 327 eru—

236 346 309 383 diti
340 347 381 384 et
410 358 480 395 pro
511 345 669 383 illorum
703 347 807 384 certe
837 347 1055 395 temporum
1081 346 1231 384 ratione
1255 358 1347 384 vere
1371 346 1529 384 humani
1555 346 1650 386 adeo
1676 350 1762 386 erat

236 416 392 455 exosus,
422 406 483 453 ut,
514 415 602 442 cum
633 404 681 442 de
710 404 817 443 fama
847 404 1029 443 scientiae
1060 405 1157 443 nihil
1188 405 1407 458 detrectare
1431 407 1607 454 possent,
1638 404 1759 444 vitam

236 474 441 512 moresque
460 462 662 501 teterrimo
681 475 835 512 quoque
854 463 1013 501 crimine
1031 463 1291 513 inquinarent.
1335 462 1410 501 Sed
1429 465 1654 501 neutrorum
1675 464 1761 502 odio

235 521 435 570 prohiberi
458 521 599 570 potuit,
623 533 670 559 ne
696 522 765 559 aut
784 521 1080 571 Monophysitae
1104 523 1184 559 tam
1205 533 1366 571 gravem
1385 533 1474 559 eum
1492 521 1692 571 haberent,
1718 523 1763 560 ut

238 580 404 618 mortem
430 580 512 617 eius
531 579 572 617 in
590 579 730 628 codice,
756 579 823 629 qui
842 582 948 618 totus
968 579 1007 617 in
1027 579 1253 629 exponenda
1271 581 1311 617 et
1330 579 1570 618 defendenda
1589 580 1764 618 doctrina

239 637 411 686 ipsorum
436 640 671 687 versaretur,
697 638 849 688 copiose
870 633 1165 691 narrarent¹⁷³)‚
1191 639 1261 676 aut
1280 637 1503 676 Nestoriani
1522 650 1614 676 suae
1634 642 1763 676 sectae

237 708 325 733 eum
352 696 547 735 vindicare
571 699 815 735 conarentur.

326 815 363 851 2.
405 816 468 851 De
498 815 714 861 versione,
746 825 862 861 quae
892 816 1069 860 dicitur,
1100 815 1458 861 Geoponicorum
1488 815 1676 859 Syriaca.

238 893 548 944 Geoponicorum
573 895 654 933 sive
679 895 727 933 de
752 907 794 932 re
819 895 966 933 rustica
990 895 1081 933 libri
1100 895 1171 933 XX
1196 897 1268 934 etc.
1294 896 1421 933 denuo
1446 895 1595 933 recensi
1619 896 1659 933 et
1676 894 1763 933 illu-

325 953 440 991 strati
471 953 519 992 ab
543 953 574 991 Ι.
601 953 649 991 Ν.
675 953 817 991 Niclas.
860 953 1016 1002 Lipsiae
1038 954 1159 992 1781.
1203 953 1448 1003 Geoponicon
1478 953 1519 991 in
1544 965 1757 992 sermonem

324 1011 527 1061 Syriacum
552 1024 754 1050 versorum
780 1024 878 1062 quae
903 1014 1114 1061 supersunt
1133 1012 1175 1050 P.
1195 1011 1413 1062 Lagardius
1439 1011 1570 1050 edidit.
1603 1011 1758 1061 Lipsiae

324 1065 546 1122 (Londinii)
564 1071 685 1109 1860.
717 1070 774 1108 De
788 1069 1031 1119 Geoponicon
1052 1070 1228 1110 versione
1243 1070 1411 1120 Syriaca.
1442 1069 1672 1121 Programm
1691 1070 1760 1108 der

325 1128 736 1167 Lom'senstadtischen
767 1128 998 1167 Realschule
1029 1141 1072 1166 zu
1102 1128 1237 1167 Berlin
1263 1130 1373 1168 1855
1402 1124 1475 1180 (=
1502 1127 1762 1166 Gesammelte

324 1186 638 1236 Abhandlungen
665 1199 741 1225 von
760 1186 860 1224 Paul
879 1187 927 1225 de
945 1186 1135 1237 Lagarde.
1168 1187 1328 1236 Leipzig
1347 1188 1456 1225 1866
1478 1199 1542 1236 pg.
1561 1188 1644 1226 120
1657 1199 1685 1225 s.
1701 1180 1761 1238 s.).

327 1244 679 1294 Untersuchungen
711 1245 811 1283 fiber
843 1244 904 1283 die
936 1243 1119 1295 Quellen,
1150 1245 1224 1283 den
1248 1244 1455 1283 Vei-fasser
1486 1245 1565 1282 und
1596 1245 1657 1283 die
1682 1245 1763 1283 Ab·

327 1303 586 1352 fassungszeit
610 1304 679 1341 der
703 1303 922 1353 Geoponica
946 1316 1022 1342 von
1046 1302 1107 1342 W.
1133 1302 1295 1342 Gemoll.
1332 1303 1466 1341 Berlin
1494 1304 1615 1343 1884.
1659 1301 1763 1341 Oder

321 1362 361 1399 in
381 1361 432 1400 M.
451 1361 525 1400 Rh.
544 1362 620 1400 vol.
639 1360 745 1398 XLV
771 1374 835 1412 pg.
855 1363 921 1408 58,
943 1363 1024 1400 202
1046 1374 1074 1400 s.
1096 1374 1124 1400 s.
1150 1361 1316 1399 XLVIII
1334 1375 1398 1412 pg.
1420 1363 1440 1400 1
1465 1374 1492 1400 s.
1514 1374 1544 1400 s.
1583 1362 1628 1400 G.
1649 1361 1693 1400 G.
1709 1377 1763 1392 ==

326 1419 548 1470 Geoponica
572 1419 731 1458 Graeca.
781 1419 827 1459 G.
853 1419 892 1458 S.
918 1437 972 1450 =
998 1419 1219 1469 Geoponica
1244 1420 1415 1470 Syriaca.

353 1489 548 1540 Omnium,
573 1502 672 1540 quae
698 1502 785 1528 cum
804 1490 958 1528 nomine
979 1490 1107 1540 Sergii
1126 1490 1377 1529 Resainensis
1402 1491 1622 1537 cohaerent,
1646 1490 1762 1540 longe

237 1549 469 1599 gravissima
494 1561 541 1587 ea
553 1551 624 1595 est,
650 1561 767 1599 quam
797 1561 916 1598 supra
934 1549 1050 1598 attigi
1068 1549 1193 1599 magis
1214 1561 1330 1599 quam
1348 1548 1563 1599 profligavi,
1588 1549 1763 1598 quaestio

236 1608 291 1646 de
312 1607 530 1646 versione
551 1606 746 1657 Syriaca
771 1607 1128 1658 „agriculturae
1147 1604 1387 1646 Graecae“.
1425 1607 1642 1645 Plurimum
1661 1606 1762 1645 enim

239 1666 388 1705 confert
423 1666 472 1704 ad
505 1678 735 1715 progressus
769 1666 993 1704 litterarum
1026 1666 1260 1704 rusticarum
1296 1665 1530 1704 Graecorum
1566 1667 1607 1703 et
1639 1665 1763 1703 incre-

234 1726 368 1762 menta
391 1724 548 1773 penitus
573 1725 848 1774 cognoscenda.
901 1724 1011 1763 Unde
1036 1724 1096 1772 fit,
1125 1726 1170 1762 ut
1194 1724 1312 1774 paulo
1338 1723 1557 1762 accuratius
1582 1723 1764 1762 videatur

235 1783 276 1820 in
302 1795 387 1821 eam
411 1783 683 1832 inquirendum
709 1795 804 1821 esse.

353 1841 401 1879 In
426 1841 562 1890 primis
587 1841 711 1890 igitur
735 1841 906 1890 positum
932 1840 985 1879 sit
1009 1841 1060 1890 id,
1086 1841 1190 1891 quod
1209 1841 1473 1891 disputatione
1491 1841 1569 1878 iam
1590 1840 1764 1879 effecisse

234 1898 331 1937 mihi
365 1899 517 1949 videor,
555 1900 647 1937 cod.
678 1899 791 1938 bibl.
822 1899 963 1948 Lugd.
995 1899 1157 1938 Batav.
1182 1899 1385 1938 Arabico
1414 1900 1494 1938 192
1526 1898 1763 1937 contineri

234 1958 499 1997 versionem
541 1957 698 2007 operis
741 1957 946 1996 alicuius
985 1957 1156 1996 rustici
1193 1956 1359 1996 Graeci
1396 1958 1631 1995 conditam
1667 1958 1764 2006 pri-

235 2029 353 2054 mum
386 2015 580 2066 Syriace
613 2016 802 2055 saeculo
835 2017 966 2054 sexto
997 2016 1191 2054 ineunte
1221 2027 1245 2054 a
1274 2015 1439 2065 Sergio
1464 2015 1762 2064 Resainensi,

234 2087 258 2112 a
294 2074 445 2125 Kosta
480 2075 634 2113 Lucae
676 2074 782 2113 filio
821 2075 1010 2113 saeculo
1046 2086 1164 2113 nono
1197 2074 1402 2112 Arabice
1439 2076 1763 2112 retractatam.

235 2132 509 2178 Quaerendum
533 2135 592 2171 est
616 2133 797 2182 primum,
824 2145 918 2171 num
944 2145 1043 2183 quae
1070 2132 1267 2182 supersint
1292 2132 1410 2171 etiam
1430 2132 1595 2182 exempli
1616 2131 1763 2181 Syriaci

234 2191 434 2242 reliquiae.
482 2191 541 2229 De
566 2203 644 2241 qua
668 2204 710 2229 re
735 2193 780 2230 ut
805 2191 991 2242 suspicer,
1017 2204 1061 2230 eo
1081 2191 1254 2230 adducor
1273 2190 1451 2239 maxime,
1476 2191 1579 2240 quod
1602 2202 1649 2228 ex
1669 2190 1763 2228 cod.

234 2262 343 2288 mus.
379 2250 495 2289 Brit.
538 2251 678 2288 14662
725 2251 871 2288 saeculi
908 2249 1037 2289 octavi
1071 2249 1212 2288 nonive
1249 2249 1423 2287 Paulus
1461 2248 1513 2286 de
1550 2248 1764 2299 Lagarde

233 2308 514 2357 versionem,
553 2321 687 2358 quam
718 2309 925 2356 dicebat,
963 2308 1337 2358 Geoponicorum
1370 2306 1611 2357 Syriacam
1642 2307 1765 2345 edidit

234 2367 346 2405 initio
371 2369 412 2405 et
435 2367 510 2404 fine
536 2366 713 2404 mutilam
740 2366 807 2416 ita,
833 2369 888 2416 ut,
914 2367 1015 2416 quod
1043 2366 1096 2405 sit
1119 2365 1348 2416 interpretis
1372 2377 1524 2415 nomen,
1549 2365 1763 2414 ignoretur.

234 2425 372 2474 Itaque
408 2437 510 2464 nunc
546 2424 658 2463 nobis
694 2425 964 2475 persequenda
999 2427 1062 2463 est
1095 2425 1212 2472 ratio,
1249 2436 1347 2474 quae
1378 2423 1585 2462 intercedit
1614 2423 1763 2472 Kostae

236 2484 436 2522 duodecim
463 2483 584 2522 libros
609 2483 713 2522 inter
738 2484 778 2522 et
797 2483 1018 2533 Geoponica
1038 2482 1188 2522 Graeca
1212 2484 1252 2522 et
1271 2482 1441 2533 Syriaca.
1489 2480 1637 2527 Quibus
1662 2482 1762 2520 addo

235 2541 517 2590 Palladium,
543 2542 652 2581 cuius
672 2541 860 2580 maximas
880 2543 1011 2590 partes
1031 2554 1115 2581 esse
1134 2541 1176 2580 in
1194 2540 1434 2580 restituendo
1453 2540 1646 2579 communi
1664 2540 1764 2579 eclo-

234 2613 374 2650 garum
407 2599 645 2639 Graecarum
679 2602 719 2639 et
748 2601 936 2639 versionis
967 2613 992 2639 a
1015 2600 1211 2650 Lagardio
1242 2599 1368 2639 editae
1399 2599 1505 2638 fonte
1537 2598 1761 2636 iamdudum

237 2658 452 2697 Gemollius
477 2659 587 2699 vidit.

653 2728 883 2768 Universe
914 2729 1005 2768 sibi
1036 2728 1339 2779 respondent:

357 2797 479 2851 Kostfi¹
502 2799 569 2838 lib.
588 2799 607 2837 I
632 2811 714 2848 cap.
736 2801 779 2849 63
805 2798 850 2837 G.
871 2797 914 2838 G.
934 2798 955 2836 I
975 2801 1012 2837 7.

405 2887 427 2907 „
503 2857 524 2895 Ι
543 2859 588 2906 8;
614 2857 659 2896 G.
681 2857 725 2895 G.
745 2856 765 2895 1
786 2859 835 2895 11
863 2857 905 2895 in
929 2869 1080 2895 summa
1104 2870 1157 2896 re.
