1820 3126
211 135 296 178 368
830 138 871 173 A.
892 138 1123 175 Baumstark:

328 247 435 286 Haec
454 247 612 298 quidem
631 247 678 286 de
697 250 828 287 aetate
845 248 930 299 viri,
949 250 1089 298 patria,
1111 250 1203 298 vita,
1218 249 1303 300 fide,
1317 250 1498 289 moribus.
1517 271 1563 277 —
1584 250 1738 296 Quanta

213 318 303 344 vero
329 306 370 344 in
390 305 527 355 Sergio
554 308 598 344 ut
622 306 661 344 in
686 307 840 346 homine
865 307 991 357 quinti
1018 308 1193 357 sextique
1219 308 1363 347 saeculi
1388 309 1543 348 natione
1569 309 1736 348 barbaro

213 365 390 402 doctrina
414 364 543 414 fuerit,
567 377 680 403 nemo
705 377 782 404 non
806 365 1032 416 mirabitur,
1058 367 1090 405 si
1115 367 1177 405 vel
1202 366 1338 406 titulos
1363 367 1552 406 librorum
1577 368 1626 406 ab
1652 368 1737 418 ipso

213 423 520 472 conscriptorum
546 422 620 461 sub
645 435 722 462 uno
747 425 954 473 conspectu
979 425 1125 474 positos
1150 425 1460 474 perlustraverit.

330 480 405 519 Sed
435 481 662 530 priusquam
694 482 966 531 componendis
997 483 1151 532 scriptis
1183 483 1310 533 Sergii
1347 495 1505 533 operam
1540 496 1739 534 navemus,

214 539 480 589 quaerendum
506 542 582 586 est,
613 553 706 578 num
731 553 830 590 quae
854 540 955 579 forte
980 541 1096 580 etiam
1125 542 1278 580 minus
1309 544 1439 580 certa
1463 542 1738 581 testimonia

213 597 264 635 ad
283 597 521 636 archiatrum
540 598 820 637 Resa'mensem
839 599 923 637 iure
949 601 1018 637 aut
1037 602 1153 638 antea
1171 599 1220 639 ab
1240 600 1462 639 hominibus
1481 600 1604 639 doctis
1630 613 1739 639 revo-
1815 590 1818 594 ¹

214 658 302 694 cata
327 656 405 694 sint
429 658 500 694 aut
523 668 624 695 nova
649 669 673 695 a
696 657 807 696 nobis
831 657 983 707 possint
1009 659 1194 697 revocari.

329 714 388 752 Ac
412 715 561 770 primus
586 714 740 764 quidem
759 715 998 754 Assemanus
1008 710 1060 767 ⁷⁶)
1086 717 1262 766 quamvis
1287 716 1512 756 dubitanter
1537 716 1741 767 quaesivit,

215 772 374 822 Sergius
401 772 579 812 sacerdos
599 775 640 812 et
657 773 852 812 archiater
870 774 1119 813 Resainensis
1145 775 1246 813 idem
1269 778 1373 814 esset
1397 777 1515 824 atque
1535 772 1708 823 (έργιο
1721 785 1740 813 c

215 827 239 868 ὁ
271 827 529 879 ἑρμηνεύς,
561 844 692 881 quem
716 827 1012 884 Agathiasw)
1042 835 1083 871 et
1113 830 1326 882 ἑρμηνέων
1351 829 1517 881 ἄριετον
1542 829 1741 872 ἁπάντων

218 886 284 927 καὶ
308 885 402 928 οἷον
427 885 503 928 ὑπ’
527 886 658 929 αὐτοῦ
682 890 758 929 τοῦ
787 887 973 938 Χοερόου
999 887 1271 939 θαυμάζεεθαι
1296 894 1336 930 et
1361 889 1437 930 sibi
1462 891 1740 930 amicissimum

213 947 337 986 fuisse
374 948 511 986 scribit
547 950 604 997 et,
647 961 734 986 cum
771 951 874 987 esset
915 948 1001 988 τῶν
1040 949 1256 998 βαειλικῶν
1300 945 1741 998 ἀπομνημονευμάτων

214 1002 402 1054 φρουρός
426 1017 471 1045 τε
502 1003 569 1045 καὶ
598 1003 814 1056 ἐπιετάτηε
844 1007 1034 1046 librorum
1065 1007 1113 1046 de
1143 1008 1259 1046 rebus
1289 1021 1313 1047 a
1342 1008 1501 1058 regibus
1533 1008 1740 1046 Persarum

214 1065 335 1114 gestis
359 1064 518 1103 Persico
549 1077 726 1104 sermone
750 1065 1052 1114 compositorum
1076 1065 1265 1105 Graecam
1296 1062 1589 1115 ἀκριβεετάτην
1620 1062 1741 1115 μετά·

214 1132 367 1171 φραειν
397 1123 447 1162 ab
471 1124 556 1172 ipso
587 1124 730 1162 factam
757 1124 1034 1163 humanissime
1065 1124 1141 1163 sibi
1164 1125 1446 1173 transmisisse,
1478 1137 1555 1174 qua
1584 1124 1624 1163 in
1655 1137 1741 1174 per-

215 1181 428 1220 seribendis
465 1181 639 1220 historiis
677 1182 758 1221 suis
795 1184 988 1230 uteretur,
1025 1185 1169 1221 narrat.
1219 1182 1451 1232 Opinionem
1485 1183 1603 1222 nullis
1636 1195 1740 1222 com-

215 1239 421 1288 probatam
453 1241 694 1290 argumentis
732 1241 808 1279 heu
845 1252 962 1291 quam
992 1241 1129 1290 cupide
1165 1243 1204 1280 et
1234 1241 1452 1281 inconsulte
1488 1241 1742 1291 arripuerunt

216 1298 398 1348 Meyerus
408 1292 477 1350 ⁷⁷),
511 1298 707 1338 Haeserus
716 1293 785 1351 ⁷⁵),
815 1298 1036 1348 Wrightius
1047 1293 1116 1351 ⁷⁹),
1153 1294 1548 1352 Krumbacherusffi),
1585 1299 1739 1338 Gemol—

216 1351 363 1408 lius.⁸¹)
412 1356 542 1406 Atque
574 1357 755 1407 Meyerus
786 1357 960 1408 quidem,
997 1357 1105 1396 cuius
1135 1358 1315 1408 vestigiis
1346 1358 1560 1397 Gemollius
1594 1360 1740 1396 temere

215 1417 322 1453 totus
347 1415 508 1465 institit,
540 1427 584 1454 eo
619 1428 741 1465 usque
766 1416 952 1454 audaciae
982 1428 1210 1467 progressus
1236 1418 1312 1467 est,
1342 1419 1406 1467 ut,
1437 1429 1523 1455 cum
1547 1416 1740 1466 Agathias

213 1474 374 1511 annales
405 1474 455 1511 ab
488 1474 611 1513 amico
644 1486 713 1513 suo
739 1473 887 1513 Graece
918 1486 1051 1514 versos
1085 1471 1219 1524 βιβλία
1242 1471 1423 1523 Περεικά
1454 1475 1672 1525 appellaret
1703 1477 1744 1513 et

214 1531 486 1570 Barhebraeus
512 1532 703 1571 medicum
728 1532 1006 1572 Resa’inensem
1030 1533 1198 1582 primum
1222 1533 1343 1572 libros
1369 1533 1548 1581 Graecos,
1573 1533 1614 1571 id
1639 1532 1741 1582 quod

214 1603 352 1629 verum
370 1590 530 1629 minime
549 1593 621 1642 est,
644 1590 803 1641 Syriaco
820 1591 986 1630 vertisse
1005 1586 1261 1643 seriberet⁸²)‚
1281 1592 1564 1631 aBarhebraeo
1583 1591 1742 1640 linguas

214 1648 411 1687 Persicam
442 1651 482 1687 et
511 1648 712 1699 Syriacam
744 1650 848 1688 inter
883 1662 925 1689 se
962 1650 1141 1689 confusas
1173 1662 1257 1689 esse
1289 1650 1562 1700 Sergiumque,
1599 1649 1667 1700 qui
1703 1650 1744 1688 et

215 1707 426 1746 archiatria
451 1708 625 1746 Romana
649 1708 841 1747 Resainae
865 1708 1097 1758 fungeretur
1128 1711 1168 1747 et
1196 1708 1453 1748 bibliothecae
1477 1708 1581 1759 regis
1606 1708 1742 1746 Persa-

214 1779 302 1804 rum
334 1768 552 1817 praeesset,
589 1767 758 1816 primum
794 1767 1046 1806 contenderet
1075 1767 1195 1806 libros
1227 1766 1275 1806 de
1305 1767 1552 1817 philosophia
1588 1769 1628 1805 et
1657 1769 1742 1804 arte

215 1824 366 1863 medica
385 1824 553 1863 Graecos
573 1824 725 1864 Persice
746 1837 879 1864 versos
898 1825 1074 1864 edidisse.
1117 1825 1176 1864 Ne
1199 1825 1239 1863 id
1257 1826 1414 1876 quidem
1431 1825 1531 1864 vidit
1555 1824 1615 1864 vir
1638 1836 1743 1863 acer-

215 1883 355 1933 rimus,
387 1885 520 1921 utrum
546 1895 587 1922 re
611 1896 706 1922 vera
729 1883 884 1922 Persice
916 1883 1084 1933 scriptae
1113 1883 1259 1922 fuerint
1288 1884 1397 1934 illae,
1427 1895 1524 1933 quas
1548 1882 1743 1932 Agathias

215 1941 424 1991 significat,
446 1942 632 1981 historiae
656 1954 793 1992 regum
812 1941 1033 1993 Persarum,
1058 1954 1109 1980 an
1127 1941 1295 1992 Syriace,
1320 1953 1565 1991 nequaquam
1583 1941 1744 1990 liquere.

215 1999 339 2038 Immo
371 2001 494 2039 multo
531 2001 613 2039 veri
645 2000 810 2039 similius
848 2000 1022 2049 videtur,
1059 2001 1218 2039 annales
1249 2000 1338 2040 illos
1370 2000 1528 2051 Syriaco
1566 2012 1743 2038 sermone

215 2058 451 2108 compositos
475 2059 616 2109 fuisse,
648 2059 758 2098 cuius
782 2071 877 2098 usus
904 2071 949 2097 eo
974 2061 1149 2109 tempore
1174 2058 1215 2097 in
1240 2059 1331 2097 aula
1355 2058 1652 2097 Sassanidarum
1676 2057 1744 2096 tri-

214 2117 391 2155 tissimus
421 2119 518 2156 erat.
527 2111 580 2170 ⁸³)
629 2117 839 2156 Persarum
870 2120 1003 2156 autem
1034 2119 1074 2156 et
1104 2116 1291 2167 Syrorum
1321 2119 1403 2155 tam
1433 2117 1589 2166 linguas
1628 2128 1744 2165 quam

214 2187 344 2214 mores
375 2175 553 2225 ritusque
589 2187 666 2214 non
696 2188 896 2225 nunquam
934 2188 958 2214 a
989 2175 1243 2225 scriptoribus
1274 2175 1473 2214 Arabibus
1504 2177 1544 2214 et
1575 2173 1745 2224 Graecis,

216 2234 283 2284 qui
315 2236 405 2284 post
435 2233 682 2273 Constantini
713 2234 794 2273 fere
826 2235 997 2273 aetatem
1027 2233 1259 2284 floruerunt,
1289 2233 1473 2272 confundi
1503 2234 1638 2272 notum
1673 2235 1743 2271 est.

216 2293 271 2331 Ut
289 2293 337 2331 de
355 2304 432 2331 uno
452 2293 626 2342 exemplo
646 2293 865 2332 accuratius
885 2304 1191 2340 commemorem,
1212 2293 1293 2342 ipse
1307 2292 1499 2342 Agathias
1508 2286 1561 2344 ⁸⁴)
1574 2291 1746 2330 affirmat

215 2351 342 2390 multa
372 2350 608 2390 Graecorum
639 2351 785 2400 scripta
815 2352 855 2390 in
885 2363 1001 2389 usum
1031 2349 1216 2390 Chosroi's
1246 2351 1350 2402 regis
1382 2348 1426 2389 ἐ(
1456 2348 1532 2399 τὴν
1562 2346 1745 2398 Περείδα

216 2407 367 2459 φωνὴν
404 2421 610 2448 conversos
642 2421 738 2449 esse.
793 2409 850 2448 Re
879 2421 974 2454 vera
1011 2409 1059 2447 de
1090 2421 1268 2448 sermone
1300 2409 1458 2459 Syriaco
1495 2407 1745 2458 cogitandum

216 2471 286 2508 est.
335 2468 437 2507 Nam
462 2480 575 2519 unus,
600 2481 715 2518 quem
741 2468 789 2507 de
806 2468 948 2507 litteris
967 2466 1126 2507 Graecis
1145 2467 1311 2507 Chosro'i
1335 2467 1506 2506 dicatum
1526 2478 1613 2505 esse
1637 2468 1744 2504 certo

217 2527 377 2575 seimus,
407 2526 508 2565 liber
533 2539 554 2565 e
578 2525 737 2566 Graecis
762 2526 1049 2577 exemplaribus
1078 2526 1128 2565 ad
1152 2527 1315 2565 verbum
1346 2526 1427 2564 fere
1452 2524 1646 2575 expressis
1672 2524 1743 2574 Sy-

216 2586 322 2625 riaca
345 2586 482 2635 lingua
505 2585 632 2624 factus
657 2587 728 2624 est.
778 2585 974 2624 Libellum
998 2584 1083 2623 dico
1109 2584 1223 2623 Pauli
1247 2584 1390 2623 Persae
1422 2583 1470 2622 de
1495 2587 1581 2622 arte
1605 2583 1744 2633 logica,

215 2657 332 2694 quam
363 2644 536 2683 Landius
566 2644 607 2683 in
637 2645 744 2684 tomo
775 2643 831 2682 IV
857 2643 1148 2682 Aneedotorum
1178 2643 1285 2694 typis
1315 2645 1518 2682 exaratum
1551 2635 1744 2692 edidit.⁸⁵)

217 2702 364 2742 Contra
395 2703 504 2741 nullo
534 2703 648 2742 modo
684 2702 769 2742 fieri
798 2703 973 2752 poterat,
1009 2704 1054 2740 ut
1083 2702 1356 2740 Bathebraeus
1389 2703 1429 2740 et
1458 2699 1744 2739 eruditissimus

216 2762 332 2802 homo
358 2763 399 2800 et
422 2761 578 2801 natione
602 2762 685 2812 ipse
710 2760 834 2812 Syrus
859 2760 1059 2812 Syriacam
1083 2760 1300 2810 appellaret
1323 2759 1499 2810 linguam
1524 2758 1744 2797 Persarum.

219 2842 271 2849 —
299 2819 375 2859 Sed
399 2820 449 2858 ad
474 2821 741 2870 quaestionem
764 2820 1008 2870 propositam
1038 2831 1108 2858 nos
1137 2819 1363 2858 referamus.
1411 2817 1558 2856 Verum
1582 2828 1667 2855 esse
1692 2815 1744 2863 id,

221 2879 326 2931 quod
350 2879 408 2917 illi
433 2879 608 2918 homines
634 2878 738 2918 docti
762 2880 1004 2928 statuerunt,
1035 2878 1097 2916 vel
1127 2879 1336 2927 propterea
1365 2888 1442 2916 non
1465 2877 1613 2926 potest,
1643 2874 1744 2924 quod
