1820 3126
598 158 891 196 Lucubrationes
917 156 1203 204 Syro-Graecae.
1594 156 1681 198 413

123 274 212 313 ideo
236 285 314 314 non
338 274 489 324 potest,
521 272 625 323 quod
650 285 852 322 nunquam
877 272 918 310 in
944 271 1018 322 eis,
1047 284 1145 321 quas
1172 273 1405 321 tractamus,
1433 269 1681 310 versionibus

122 339 340 389 perfectum
370 338 481 377 verbi
513 326 605 384 100,
639 351 727 378 cum
757 337 988 388 imperfecto
1020 337 1218 387 iungitur,
1250 338 1300 376 ab
1332 338 1491 376 homine
1522 336 1683 377 videtur

122 404 300 444 additum
327 415 425 455 esse,
452 403 520 454 qui
546 404 783 443 sententiam
809 403 994 442 irrealem
1018 403 1308 442 informandam
1335 416 1422 443 esse
1448 405 1621 454 putaret.

241 475 429 514 Themist.
463 475 511 514 de
543 475 654 515 amic.
686 475 717 514 I.
744 475 780 514 S.
804 477 952 526 53,16
990 475 1023 514 si
1056 474 1348 525 scripserimus,
1386 474 1426 513 id
1458 474 1564 525 quod
1595 474 1682 512 fieri

120 553 282 592 prorsus
317 540 454 592 debet,
491 540 729 580 Hoffmanno
766 534 1006 593 auctore380)
1037 545 1136 587 ⁴02„
1166 554 1237 590 pro
1268 545 1391 592 aas,
1430 540 1681 580 scribendum

121 616 182 653 est
209 614 327 653 etiam
353 603 448 658 119]
472 625 545 663 pro
571 602 670 664 ΘΖ,
699 611 803 662 quod
830 611 1109 662 interpolatori
1135 611 1316 663 debetur,
1342 611 1410 662 qui
1429 612 1508 651 iam
1528 611 1683 652 invenit

118 685 219 724 illud
243 691 366 733 ,δῶ-1.

249 769 280 808 Ι.
307 768 434 853 8337,
456 770 476 806 1
518 757 627 825 ψ
665 769 757 806 ante
794 755 962 838 Qu&
999 767 1201 818 glossema
1238 770 1300 806 est
1338 781 1385 806 ex
1423 768 1681 819 sequentibus

120 833 407 886 sumptum.)

237 911 344 950 Plut.
359 911 406 950 de
421 923 544 950 exerc.
565 910 614 950 A.
628 910 666 949 S.
684 912 811 962 179,1
834 911 956 949 verba
978 907 1199 955 nomm
1218 904 1267 986 „3
1291 905 1338 962 119
1357 900 1487 959 1ῺαΞ>
1504 899 1606 958 lud]
1627 901 1682 957 ol

120 989 250 1028 deleto
281 998 298 1028 9
326 989 558 1040 pronomine
582 988 749 1028 relativo
775 990 869 1027 ante
894 981 922 1033 11
948 936 1267 1038 transponenda*3
1269 990 1361 1027 sunt
1385 989 1478 1038 post
1502 976 1679 1049 (ζῆθι

118 1060 223 1099 Nam
253 1061 374 1100 verba
403 1049 558 1119 <⁴132
579 1053 626 1111 119
654 1050 778 1126 lh&
804 1050 935 1120 <bulo
973 1071 1165 1109 suspensa
1203 1062 1299 1099 sunt
1335 1073 1359 1099 a
1395 1060 1517 1100 verbo
1555 1064 1684 1097 ..022-

118 1131 166 1171 A.
193 1131 230 1172 S.
254 1134 349 1183 178,
372 1133 439 1172 30.
497 1131 662 1181 Contra,
700 1144 747 1171 ea
777 1144 878 1182 quae
909 1132 1206 1183 transponenda
1238 1143 1324 1170 esse
1348 1132 1466 1182 puto,
1504 1130 1683 1169 efficiunt

117 1210 260 1236 novam
286 1197 652 1248 interrogationem.
703 1197 810 1236 Illud
835 1206 852 1248 9
877 1196 1003 1246 igitur
1028 1196 1329 1247 interpolatoris
1355 1198 1434 1247 est,
1467 1197 1535 1247 qui
1558 1196 1683 1235 verba

118 1262 223 1302 forte
255 1263 402 1302 omissa
434 1266 474 1302 et
506 1263 545 1301 in
574 1262 754 1314 margine
779 1262 916 1301 addita
939 1263 1042 1302 falso
1068 1263 1155 1302 loco
1182 1262 1385 1302 contextui
1409 1261 1600 1301 orationis
1626 1262 1682 1299 in-

120 1323 246 1361 seruit
271 1323 504 1374 studuitque
530 1335 621 1362 cum
647 1322 972 1362 antecedentibus
998 1323 1247 1374 coniungere.

237 1389 310 1428 His
335 1389 429 1440 fere,
456 1401 558 1440 quae
576 1389 705 1439 magis
731 1389 781 1427 ad
800 1401 884 1427 rem
905 1388 1081 1426 criticam
1103 1389 1294 1438 spectant,
1320 1387 1550 1437 praemissis
1570 1386 1683 1425 lubet

121 1448 170 1487 ad
201 1449 328 1498 ipsam
358 1449 586 1489 versionum
619 1448 953 1498 comparationem
986 1448 1182 1487 accedere.
1238 1447 1298 1486 Ac
1321 1447 1496 1497 primum
1522 1446 1682 1498 quidem

120 1508 173 1546 de
199 1521 375 1559 genere
400 1508 646 1548 scribendi
673 1508 811 1547 dicam.
861 1508 1000 1558 Neque
1025 1520 1121 1548 vero
1147 1508 1266 1559 longe
1291 1507 1452 1558 lateque
1477 1509 1680 1557 patentem

118 1568 249 1607 locum
274 1581 438 1619 prorsus
465 1569 671 1607 absolvere
697 1568 739 1606 in
759 1568 889 1606 animo
910 1568 1050 1618 habeo,
1076 1568 1115 1606 id
1137 1568 1242 1618 quod
1261 1567 1337 1606 nisi
1356 1567 1513 1618 integro
1533 1567 1682 1617 libello,

119 1629 166 1666 ut
194 1640 273 1667 non
305 1628 430 1667 dicam
464 1628 585 1676 libro,
617 1627 774 1667 condito
806 1627 892 1666 fieri
925 1627 992 1667 vix
1016 1629 1167 1678 potest,
1199 1626 1269 1666 sed
1295 1639 1342 1665 ea
1366 1628 1525 1665 tantum
1550 1627 1682 1676 capita

120 1687 257 1737 paucis
282 1688 487 1727 illustrare
513 1687 693 1738 conabor,
721 1700 821 1738 quae
841 1687 891 1726 ad
909 1687 1174 1738 propinquam
1193 1687 1421 1726 versionum
1444 1686 1680 1725 affinitatem

118 1747 430 1798 cognoscendam
459 1747 608 1797 aliquid
635 1747 854 1786 conferunt.

237 1811 276 1851 A
305 1812 450 1864 prima,
481 1815 528 1851 ut
558 1813 613 1851 sic
639 1813 822 1864 dixerim,
849 1813 1097 1863 supellectile
1124 1812 1317 1851 sermonis
1342 1811 1547 1862 incipiam,
1579 1823 1681 1862 quae

53 1911 59 1917 ,
121 1874 182 1911 est
206 1871 247 1910 in
272 1871 466 1911 delectu
490 1873 743 1912 verborum
769 1873 911 1922 posita.
960 1872 1139 1911 Plurima
1160 1872 1202 1911 in
1227 1872 1391 1922 reliquis
1416 1871 1681 1920 versionib'us,

120 1931 168 1970 de
195 1931 339 1982 quibus
365 1932 610 1982 disputatur,
643 1933 837 1972 vocabula
862 1932 1057 1982 simplicia
1082 1934 1175 1971 sunt
1201 1934 1241 1971 et
1265 1932 1427 1982 propria
1452 1934 1493 1971 et
1517 1927 1680 1971 usitata.

118 1991 229 2029 Nihil
259 1991 343 2030 fere
375 1992 480 2030 inest
510 1992 808 2031 translatorum.
857 1992 1104 2032 Paucissima
1134 1992 1410 2040 inveniuntur,
1442 2004 1544 2042 quae
1577 2004 1682 2030 nova

118 2050 212 2090 ficta
244 2045 422 2104 sint382),
459 2051 588 2090 multa
618 2053 752 2091 autem
783 2052 930 2101 prisea,
970 2052 1184 2103 exquisita,
1215 2064 1396 2102 quaeque
1428 2051 1634 2090 discedant
1660 2063 1683 2089 a

121 2110 321 2149 communi
353 2123 458 2160 penu
492 2113 532 2150 et
563 2112 847 2150 consuetudine
878 2106 1188 2166 verborum383),
1220 2125 1349 2163 neque
1383 2114 1518 2150 tamen
1542 2112 1681 2159 ullum,

121 2169 215 2208 dum
238 2172 345 2208 recte
372 2171 556 2221 sentiam,
590 2171 828 2220 obsoletum,
862 2171 1024 2223 durum,
1051 2172 1246 2211 scabrum.
1296 2171 1532 2210 Accuratius
1558 2171 1680 2221 potis-

120 2229 220 2268 sima
245 2231 402 2268 tantum
426 2231 558 2280 capita
581 2232 754 2270 tractare
780 2231 902 2270 lubet.

237 2289 296 2328 Ac
326 2289 498 2339 primum
529 2290 687 2340 quidem
723 2291 771 2329 de
798 2291 1048 2330 vocabulis
1073 2291 1346 2342 peregrinis
1373 2291 1583 2329 dicendum
1609 2292 1681 2329 est.

119 2348 249 2388 Locus
274 2349 468 2388 maximus
494 2352 557 2388 est
580 2349 621 2388 in
647 2350 904 2400 scriptoribus
930 2350 1042 2401 Syris
1069 2363 1158 2390 cum
1184 2351 1367 2390 omnibus
1393 2352 1480 2389 tum
1508 2350 1581 2400 eis,
1614 2350 1683 2401 qui

120 2421 167 2447 ex
197 2409 274 2448 alio
307 2421 487 2447 sermone
511 2409 553 2447 in
579 2409 785 2460 Syriacum
811 2411 1071 2449 transferunt.
1121 2411 1246 2460 Atqui
1272 2423 1340 2449 sex
1364 2410 1478 2461 illae,
1514 2411 1561 2449 de
1587 2423 1682 2460 qua·

120 2481 208 2507 rum
234 2469 387 2520 origine
413 2468 632 2519 ambigitur
656 2470 870 2521 versiones,
899 2483 1024 2520 aeque
1052 2472 1171 2520 atque
1195 2470 1325 2510 versio
1352 2470 1443 2508 libri
1466 2469 1514 2508 de
1533 2470 1679 2508 mundo

122 2526 314 2579 Sergiana
351 2528 595 2578 singularem
634 2528 821 2568 exhibent
850 2530 1064 2569 verborum
1099 2531 1352 2569 externorum
1387 2529 1680 2579 parsimoniam.

120 2587 182 2626 Ne
202 2586 353 2627 Graeca
378 2587 536 2638 quidem
563 2588 660 2627 adeo
686 2589 814 2627 multa
838 2589 1012 2628 admissa
1037 2591 1131 2628 sunt
1155 2590 1371 2639 eademque
1391 2590 1432 2627 in
1450 2589 1680 2628 universum

121 2646 279 2697 quidem
315 2660 387 2698 per
424 2660 558 2686 omnes
595 2643 889 2702 versionesssffl)
951 2648 1061 2695 Quae
1099 2649 1274 2688 admissa
1312 2651 1424 2697 sunt,
1467 2649 1680 2687 maximam

121 2709 276 2756 partem
306 2707 348 2745 in
375 2707 555 2746 versione
579 2707 793 2746 bibliorum
819 2708 989 2758 simplici
1015 2709 1078 2749 vel
1102 2709 1210 2758 apud
1235 2707 1531 2758 antiquissimos
1558 2709 1679 2758 scrip-

121 2768 228 2805 tores
253 2766 373 2817 Syros
393 2766 599 2816 indigenas
626 2767 825 2818 leguntur.
849 2789 899 2795 —
928 2768 1054 2808 Multo
1080 2769 1201 2807 etiam
1226 2768 1356 2806 rarius
1382 2781 1502 2818 quam
1529 2767 1681 2808 Graeca

121 2825 200 2864 alia
229 2826 423 2865 vocabula
453 2826 664 2879 peregrina
694 2826 851 2866 obviam
883 2830 988 2867 sunt.
1037 2828 1070 2866 E
1095 2828 1235 2878 lingua
1259 2827 1405 2866 Latina
1430 2828 1592 2867 ductum
1619 2829 1680 2866 est

123 2903 247 2930 unum
272 2880 370 2939 JLln
395 2891 500 2931 Plut.
525 2891 574 2931 de
599 2891 726 2931 cohib.
752 2892 798 2931 ir.
825 2893 871 2933 A.
898 2892 934 2933 S.
959 2895 1054 2943 191,
1079 2894 1144 2932 16.
1193 2892 1364 2943 Reliqua
1393 2893 1586 2932 vocabula
1617 2906 1679 2931 ex-

123 2957 248 3006 terna,
274 2969 375 3007 quae
400 2957 668 3009 inveniuntur,
692 2958 772 2997 iam
797 2959 923 2998 multo
949 2960 1042 2998 ante
1068 2960 1241 2998 aetatem
1263 2958 1491 2998 versionum
1510 2959 1679 2998 istarum
