1820 3126
210 149 296 191 462
819 147 860 185 Α.
887 149 1122 187 Baumstarke

331 260 424 298 VIII
446 262 540 311 424,
563 262 613 298 12
635 272 663 299 s.
695 256 1015 309 ἀποφράξαντες
1040 259 1092 300 τὰ
1116 257 1221 310 ὦτα,
1252 274 1351 311 quae
1377 261 1581 300 manifesto
1608 274 1653 300 ex
1679 274 1741 300 su-
1813 273 1820 290 τ

215 319 432 430 ροτὶοιιὲῑςιιε
453 316 868 368 προκαταλαμβάνων
888 317 1018 359 αὐτοῦ
1037 318 1088 359 τὰ
1102 315 1190 358 ῶτα
1204 317 1269 358 καὶ
1283 316 1569 369 ἀποφράττων
1589 323 1743 369 sumpla
1806 311 1820 366 ’,ἲ

215 380 306 416 sunt
386 408 394 425 ,
1813 377 1817 386 “

330 441 428 480 VIII
449 442 544 489 424,
567 442 619 479 14
651 438 699 480 τὸ
731 438 889 481 δίκαιον
914 440 980 481 καὶ
1004 440 1053 481 τὸ
1078 439 1253 491 νόμιμον
1277 439 1361 491 καὶ,
1393 455 1478 481 cum
1505 443 1630 480 solum
1655 455 1742 492 pro·
1810 432 1816 447 ⁸

216 501 350 538 batum
382 500 435 538 sit
466 499 699 538 calumniam
733 513 810 539 non
835 501 915 539 fieri
945 498 1049 539 κατὰ
1071 499 1147 540 τὸν
1172 498 1300 549 ὅρκον
1324 498 1399 539 τὸν
1425 495 1745 553 δικαςτικόνῃῧ),

335 564 371 602 Χ
384 566 482 611 425,
495 567 520 602 4
538 577 564 602 s.
591 562 667 603 τὸν
691 562 773 613 πρὸ
799 562 939 613 αὑτοῦ,
966 565 1067 614 quod
1086 565 1336 603 manifestum
1355 565 1745 614 interpretamentum
1812 551 1820 600 {3

219 626 278 661 est
302 624 350 660 ad
378 624 496 661 verba
521 620 596 661 τὸν
621 620 794 671 πληςίον
820 624 995 661 additum
1005 617 1085 676 ⁷¹⁴),

334 681 468 719 XVIII
487 683 583 729 427,
605 683 655 719 11
679 694 707 719 s.
732 679 798 720 καὶ
822 679 890 720 διὰ
915 681 1040 720 τοῦτο
1065 679 1334 721 ἐξελαθέντας
1359 679 1426 720 καὶ
1449 681 1522 730 τῆς
1539 681 1616 720 τοῦ
1637 681 1744 730 βαςι-
1815 681 1820 722 j

219 738 326 778 λέως
352 736 517 778 εὐνοίας
536 736 804 788 ἑκπεςόντας,
829 740 950 779 verba
967 740 1083 788 plane
1103 751 1400 789 supervacanea,
1425 740 1566 788 quibus
1586 740 1747 778 acerbae
1816 745 1820 763 *f

219 798 383 836 facetiae
409 798 617 837 verborum
637 795 870 837 ἀπολαῦςαι
889 798 962 846 τῆς
980 795 1284 846 Ἡφαιςτίωνος
1302 794 1515 846 θειότητος
1534 798 1748 836 miserrime

218 857 452 895 hebetantur
464 851 544 909 ⁷¹⁵),

334 914 425 953 XIX
445 916 540 964 427,
563 917 614 954 29
653 912 719 953 καὶ
755 911 928 963 καίουςι,
965 927 1064 964 quae
1101 915 1307 954 manifesta
1337 914 1607 964 interpretatio
1641 914 1749 953 verbi
1801 910 1808 919 ⁴

220 974 336 1023 paulo
363 973 626 1023 exquisitioris
651 972 884 1022 πυρπολεῖν
910 968 1057 1024 est⁷¹⁸)‚

336 1037 407 1075 XX
427 1039 524 1085 427,
545 1039 595 1077 31
620 1050 648 1076 s.
681 1034 785 1076 κατὰ
814 1037 890 1077 τοῦ
921 1034 1122 1086 ἀπόντος,
1154 1049 1252 1088 quae
1283 1039 1388 1075 recte
1418 1049 1495 1076 non
1528 1038 1671 1076 habere
1702 1037 1751 1075 ad

221 1109 338 1134 unum
366 1109 499 1135 omnes
524 1096 759 1135 recentiores
785 1096 953 1135 editores
979 1099 1195 1146 senserunt,
1219 1108 1306 1134 cum
1325 1095 1538 1134 scriberent
1555 1093 1659 1134 κατὰ
1676 1095 1752 1135 τοῦ

222 1152 451 1193 ἀκούοντος
461 1150 473 1173 ⁷
480 1149 540 1207 ¹⁷),
872 1178 875 1181 -

337 1212 467 1251 XXIV
486 1214 582 1262 428,
604 1214 657 1251 24
678 1225 708 1254 s,
739 1210 805 1251 καὶ
834 1210 883 1252 τὸ
916 1213 1030 1262 μῑςος
1060 1210 1107 1252 ἐν
1135 1209 1248 1263 αὐτῷ
1281 1208 1571 1251 κατάκλειςτον
1601 1208 1751 1260 αὔξειν,

225 1283 322 1320 quae
343 1271 550 1310 manifesta
568 1271 841 1321 interpretatio
861 1271 1068 1311 verborum
1086 1267 1342 1319 ὑποτρέφειν
1359 1269 1436 1319 τὴν
1456 1268 1587 1319 χολήν
1602 1264 1751 1322 est⁷¹⁸),

339 1335 468 1374 XXIV
487 1337 584 1383 428,
605 1337 657 1374 29
684 1334 709 1384 ἢ
735 1335 821 1374 τῶν
846 1333 1189 1385 διαβαλλομένων
1199 1330 1278 1388 ⁷¹⁹),
1639 1343 1643 1348 ·

339 1394 510 1432 XXVHI
528 1395 625 1443 429,
646 1395 698 1432 32
720 1407 748 1432 s.
774 1395 895 1433 verba
919 1392 1054 1433 οὕτως
1084 1414 1130 1420 -
1160 1388 1428 1445 ἁμαρτίαῗῖο),

226 1465 401 1491 summa
426 1465 524 1490 cum
549 1453 893 1501 probabilitate

339 1511 400 1549 III
419 1512 514 1558 422,
536 1512 590 1550 28
611 1523 639 1550 s.
680 1509 744 1550 καὶ
780 1511 911 1550 ταῦτα
948 1508 994 1550 εὖ
1033 1508 1256 1550 πεπονθὼς
1289 1505 1364 1548 ὑπ’
1395 1506 1525 1549 αὐτοῦ
1556 1507 1621 1548 καὶ
1651 1504 1755 1557 παρ’

225 1566 419 1608 ὁντινοῦν
443 1569 529 1608 τῶν
554 1566 798 1618 ὁμοτέχνων
823 1564 1178 1622 τετιμημένοςἿῖῑ),

341 1628 438 1666 VIII
457 1629 554 1676 424,
576 1630 628 1667 16
650 1641 678 1667 s.
716 1628 1018 1677 παραινοῦντες
1056 1625 1214 1666 δικαίας
1251 1625 1317 1666 καὶ
1353 1623 1518 1675 ἀμερεῖς
1552 1626 1754 1665 ποιεῖςθαι

224 1684 300 1725 τὰς
324 1681 560 1739 κρίςειςῗῖἳ),

342 1745 453 1783 XXII
472 1746 566 1793 428,
589 1747 643 1783 10
668 1742 733 1783 καὶ
758 1742 857 1783 οὐδὲ
883 1743 1081 1793 δυςχερὴς
1105 1741 1130 1793 ἡ
1156 1741 1245 1792 νίκη
1271 1740 1430 1791 γένοιτ’
1455 1738 1589 1796 (imm)

343 1817 515 1864 Denique
547 1816 668 1854 semel
697 1816 738 1853 in
770 1816 982 1865 archetypo
1007 1817 1227 1853 nostrorum
1254 1815 1430 1853 codicum
1455 1814 1616 1864 antiqua
1640 1825 1755 1862 quae-

228 1875 317 1912 dam
342 1875 519 1912 lectionis
545 1875 726 1921 varietas,
752 1886 851 1924 quae
877 1876 963 1911 erat
987 1874 1027 1911 in
1051 1874 1276 1922 apographo
1298 1873 1495 1923 Sergiano,
1522 1873 1562 1910 in
1580 1871 1756 1920 margine

227 1936 342 1971 antea
372 1933 568 1982 adscripta
601 1933 757 1971 videtur
788 1945 992 1982 perperam
1023 1933 1220 1970 contextui
1251 1932 1458 1970 verborum
1490 1931 1637 1968 inserta
1661 1941 1756 1979 esse,

227 1992 375 2030 scilicet

343 2055 458 2093 XVII
477 2057 573 2101 426,
595 2056 647 2094 36
669 2068 698 2094 s.
730 2055 808 2092 lbb.
835 2053 921 2093 Grr.
958 2051 1065 2092 νεώς
1101 2064 1146 2092 τε
1184 2049 1410 2102 ἀνέςτηςαν
1447 2049 1488 2091 αἱ
1518 2048 1661 2091 πόλεις
1692 2048 1758 2089 καὶ

229 2113 376 2162 τεμένη
409 2113 652 2162 καθιδρύετο
683 2111 749 2152 καὶ
783 2110 912 2162 βωμοί
957 2112 982 2150 S
1007 2110 1115 2151 νεώς
1139 2122 1184 2151 τε
1210 2108 1428 2150 ἀνίςταςαν
1453 2106 1570 2164 (conf.
1596 2124 1632 2160 p.
1653 2104 1757 2162 459)

229 2171 294 2211 καὶ
321 2170 450 2221 βωμοὶ
475 2169 766 2220 καθιδρύοντο,
799 2172 865 2210 ubi
890 2171 931 2210 in
955 2171 1148 2210 codicibus
1177 2167 1306 2219 βωμοί
1330 2182 1379 2209 ne
1403 2183 1490 2209 cum
1516 2165 1757 2216 καθιδρύετο

228 2232 417 2281 iungatur
446 2243 647 2278 numerus,
683 2244 732 2269 ne
762 2242 848 2268 oum
883 2227 1180 2277 ἐπετελοῦντο,
1215 2229 1317 2278 quod
1343 2229 1535 2279 sequitur,
1569 2228 1652 2277 ipse
1676 2227 1759 2264 eius

229 2290 340 2328 verbi
358 2290 465 2328 notio
486 2290 533 2327 de
553 2289 749 2328 sacrificiis
770 2291 811 2328 et
824 2288 1171 2338 supplicationibus
1183 2287 1339 2337 proprie
1351 2287 1532 2336 usurpati
1544 2279 1759 2336 obstat-⁷²⁴)

347 2360 453 2398 Haec
478 2360 559 2398 fere
585 2371 686 2398 nova
711 2371 757 2397 ex
782 2358 959 2397 versione
978 2357 1140 2408 Syriaca
1161 2358 1420 2396 innotescunt.
1445 2377 1498 2382 —
1524 2355 1658 2394 Liceat
1676 2357 1762 2392 tan-

230 2423 314 2457 tum
345 2431 416 2468 pro
450 2418 672 2457 coniectura
701 2429 824 2467 pauca
855 2417 997 2455 addere
1029 2415 1076 2454 de
1107 2416 1308 2463 ratione,
1348 2427 1464 2465 quae
1495 2415 1620 2452 inter
1650 2425 1757 2462 apo-

232 2478 458 2528 graphum
483 2476 760 2526 Sergianum
791 2478 836 2514 et
866 2474 1052 2514 codices
1078 2473 1300 2522 Graecos,
1331 2473 1411 2523 qui
1443 2475 1653 2511 nostram
1686 2483 1762 2509 us-

232 2549 318 2585 que
355 2537 558 2574 aetatem
590 2534 768 2573 servati
798 2535 924 2582 sunt,
960 2532 1150 2573 videtur
1180 2532 1494 2571 intercedere.
1552 2529 1761 2580 Conspirat

233 2594 258 2632 S
284 2597 345 2632 ter
370 2606 457 2632 cum
483 2593 790 2643 Guelferbytano
816 2591 850 2630 G

348 2659 366 2696 I
380 2659 477 2705 422,
493 2660 515 2697 6
538 2657 605 2696 GS
625 2653 728 2696 κατὰ
745 2655 831 2694 τῶν
851 2653 1013 2694 παίδων
1032 2655 1173 2705 reliqui
1191 2655 1270 2694 lbb.
1284 2652 1371 2692 Grr.
1390 2650 1494 2692 κατὰ
1507 2650 1670 2691 παίδων
1679 2646 1760 2703 ⁷²⁶),

347 2717 404 2755 IV
418 2718 514 2767 422,
528 2718 579 2755 37
602 2716 634 2755 G
654 2714 915 2765 μεταγνῶναι
940 2714 1082 2764 reliqui
1101 2714 1179 2751 lbb.
1195 2712 1282 2751 Grr.
1301 2709 1567 2760 αἰςχυνθῆναι
1592 2711 1760 2759 Spem-

233 2776 391 2822 γνῶναι
416 2773 482 2813 καὶ
507 2767 862 2827 αἰςχυνθῆναιῗῖθ),

348 2834 423 2872 XII
448 2834 545 2882 425,
566 2835 618 2872 29
645 2832 713 2871 GS
738 2828 1043 2878 ἀνταγωνιςτὰς
1069 2830 1208 2880 reliqui
1233 2829 1310 2868 lbb.
1329 2827 1416 2866 Grr.
1444 2820 1762 2879 ἀγωνιςτὰςῃτ),

235 2893 295 2931 bis
320 2904 407 2931 cum
434 2891 655 2930 Monacensi
680 2891 711 2929 P
