1820 3126
248 146 332 188 406
860 149 902 183 Δ.
921 147 1157 184 Baumstark:

252 257 486 296 testimoniis
525 257 703 297 destituti
738 258 875 307 Sergio
906 259 1104 297 versiones
1145 259 1372 299 tribuendas
1401 273 1484 300 esse
1514 261 1680 310 probare
1709 274 1784 301 non

253 328 476 365 possumus,
506 317 582 354 nisi
613 316 833 355 universo
865 317 1107 356 scribendi
1140 329 1314 367 genere
1351 321 1396 357 et
1425 323 1527 358 arte
1552 320 1782 369 interpre-

253 375 401 424 tandi,
434 387 549 424 quae
574 375 619 412 in
644 374 746 413 illis
772 375 1025 425 conspicua
1050 379 1176 426 sunt,
1210 378 1482 416 accuratius
1506 378 1785 417 examinatis

254 434 300 471 et
337 445 434 470 cum
472 433 688 472 versione
718 434 832 472 libri
863 433 916 472 de
949 434 1134 484 mundo,
1166 447 1281 483 quae
1306 434 1534 486 Sergiana
1558 436 1657 474 sine
1683 448 1787 475 con·

254 491 494 530 troversia
537 493 624 538 est,
668 492 966 541 comparatis.
1027 491 1149 536 Quam
1189 494 1517 543 comparationem
1555 506 1604 532 ne
1639 494 1787 533 frustra

255 550 456 588 videamur
486 550 721 597 instituisse,
753 562 851 600 opus
882 553 941 588 est
971 550 1139 600 primum
1171 551 1474 591 emendandis
1507 552 1669 591 verbis
1700 553 1786 591 illa·

256 620 360 655 rum,
398 620 498 657 quae
535 609 637 646 inter
674 621 716 647 se
754 609 1008 648 conferendae
1046 611 1155 657 sunt,
1191 609 1415 648 versionum
1450 622 1608 659 operam
1640 612 1786 651 navari.

257 666 432 704 Primum
463 666 585 717 igitur
614 679 684 716 per
716 667 872 716 singula
906 666 1094 716 quaedam
1119 666 1348 706 mendorum
1373 681 1536 719 genera,
1567 681 1666 719 quae
1690 670 1788 709 mihi

257 725 297 762 in
327 725 456 763 verbis
483 725 652 775 Syriacis
685 726 915 775 corrigenda
946 738 1031 764 esse
1057 725 1280 776 videantur,
1312 739 1512 776 exponam.
1561 727 1622 766 Ne
1645 728 1786 778 longus

258 783 348 821 fiam
375 783 515 822 omitto
541 795 606 833 ea,
637 795 736 833 quae
760 785 800 822 in
825 783 1000 823 versione
1023 783 1248 822 Aristotelis
1273 797 1298 823 a
1321 785 1512 836 Rysselio,
1537 786 1578 824 in
1603 786 1789 825 versioni-

258 842 332 879 bus
357 841 602 890 Aristotelis,
627 842 832 893 Isocratis,
857 842 1060 880 Plutarchi
1083 842 1161 882 iam
1187 842 1236 881 ab
1263 843 1410 882 editore
1435 843 1630 894 Lagardio
1655 844 1787 884 certis—

264 899 362 938 simo
389 902 429 938 et
453 900 703 950 segacissimo
728 901 871 939 iudicio
897 902 1069 939 correcta
1094 903 1196 939 sunt.

378 958 568 1008 Incipiam
593 972 616 997 a
638 959 837 997 lenissimo
861 971 1004 1008 genere
1023 960 1263 998 mendorum.
1305 959 1408 998 Illud
1428 961 1564 1009 procul
1582 960 1699 1000 dubio
1719 965 1790 1013 est,

260 1017 360 1067 quod
404 1017 575 1056 efficitur
616 1017 804 1067 punctis
847 1017 1116 1056 diacriticis
1160 1018 1241 1057 sive
1283 1030 1488 1068 perperam
1531 1019 1671 1068 positis
1708 1021 1790 1059 sive

262 1087 424 1125 prorsus
456 1076 621 1116 omissis,
670 1076 717 1114 In
747 1088 823 1126 quo
855 1076 1097 1125 agnoscendo
1129 1075 1223 1114 illue
1254 1077 1479 1126 saepissime
1510 1090 1572 1116 res
1597 1078 1715 1126 redit,
1747 1081 1791 1117 ut

260 1134 534 1184 inquirendum
570 1135 638 1182 sit,
676 1134 869 1184 quomodo
901 1147 1076 1184 quaeque
1107 1134 1217 1172 verbi
1241 1135 1378 1173 Graeci
1402 1138 1582 1185 tempora
1606 1137 1788 1176 modosve

262 1193 455 1242 interpres
480 1193 630 1231 imitari
653 1192 910 1231 consueverit.
954 1192 1091 1231 Liceat
1114 1193 1237 1242 igitur
1261 1194 1300 1231 in
1319 1194 1516 1232 erroribus
1537 1194 1619 1233 eius
1637 1195 1791 1244 generis

263 1251 502 1300 corrigendis
536 1252 585 1289 ad
620 1263 668 1289 ea
696 1251 890 1301 relegare,
928 1263 1028 1301 quae
1060 1253 1199 1301 postea
1232 1251 1279 1290 de
1312 1252 1556 1301 temporibus
1590 1253 1790 1303 modisque

265 1309 422 1348 Graecis
449 1309 607 1359 Syriaee
632 1309 824 1359 expressis
850 1309 1043 1358 copiosius
1067 1309 1204 1348 dicam.
1253 1309 1505 1349 Scribendum
1532 1313 1592 1350 est
1615 1311 1737 1361 igitur

380 1408 544 1447 Aristot.
574 1408 621 1445 de
652 1406 783 1445 mund.
820 1406 867 1445 A.
892 1406 929 1445 S.
952 1408 1052 1455 136,
1073 1409 1095 1446 9
1129 1396 1198 1451 Β»
1227 1421 1298 1458 pro
1329 1401 1398 1451 lix>
1428 1421 1516 1447 cum
1545 1408 1586 1447 in
1616 1409 1791 1459 exemplo

264 1496 413 1534 Graeco
440 1495 492 1533 sit
515 1493 766 1545 participium
791 1493 1009 1542 praesentis
1018 1488 1099 1546 263),

379 1571 426 1610 A.
453 1572 488 1609 S.
519 1572 612 1619 148,
635 1573 685 1610 19
719 1562 794 1647 [po
818 1583 888 1619 pro
913 1562 989 1646 ¹3»
1011 1573 1052 1609 et
1072 1572 1123 1609 21
1146 1584 1217 1620 pro
1237 1563 1324 1648 js»,
1352 1584 1439 1610 eum
1458 1571 1656 1622 optativus
1675 1571 1793 1611 Grae-

265 1683 333 1709 cus
358 1682 558 1720 nunquam
583 1670 756 1719 perfeeto
783 1653 942 1719 Syriaco
967 1663 1244 1722 reddatur²⁶4)‚

380 1746 426 1784 A.
453 1745 490 1786 S.
518 1746 612 1796 155,
633 1746 686 1784 25
713 1751 791 1791 ’,Ω-
816 1758 886 1794 pro
911 1750 1009 1799 ⁶40»,

383 1838 431 1878 A.
457 1838 493 1878 S.
523 1839 616 1886 155,
640 1839 691 1877 29
727 1836 799 1897 ,ὁὶ
833 1850 902 1887 pro
933 1835 1028 1893 ιθ),
1074 1850 1160 1876 eum
1204 1840 1371 1887 utroque
1414 1839 1497 1877 loco
1539 1838 1579 1876 in
1619 1839 1793 1888 exemplo

266 1927 393 1965 Graeo
418 1926 472 1965 cit
494 1925 664 1963 aoristus
673 1918 756 1977 265),

381 2002 429 2040 Α.
454 2001 492 2039 S.
519 2001 612 2050 158,
634 2002 657 2039 7
684 2005 772 2045 ‘02³⁵
795 2013 866 2050 pro
891 2005 1000 2053 zm,
1034 2012 1134 2050 quae
1166 2000 1385 2039 emendatio
1415 2000 1494 2049 vel,
1530 2002 1574 2038 ut
1598 2000 1794 2040 sententia

267 2090 378 2129 salva
401 2089 464 2138 sit,
488 2059 703 2138 flagitatur,

381 2175 429 2215 A.
455 2175 492 2214 S.
520 2176 614 2224 158,
637 2175 687 2213 16
719 2163 770 2224 123
793 2186 864 2224 pro
891 2162 962 2224 Μ,
997 2185 1085 2211 cum
1115 2173 1155 2210 in
1185 2173 1361 2222 exemplo
1388 2172 1536 2212 Graeco
1564 2173 1616 2212 sit
1639 2174 1793 2223 partici-

266 2242 374 2292 pium
399 2238 628 2290 praesentis,

383 2327 500 2366 Isocr.
519 2325 567 2364 ad
586 2325 750 2363 Demon.
783 2325 828 2363 A.
848 2323 885 2363 S.
908 2325 1002 2374 169,
1017 2326 1040 2364 9
1067 2327 1265 2390 &pro
1291 2329 1428 2389 Q,
1456 2336 1542 2363 eum
1561 2326 1602 2363 in
1618 2326 1793 2376 exemplo

269 2413 418 2453 Graeco
442 2412 614 2451 aoristus
640 2404 779 2462 sitm),

385 2498 433 2538 A.
459 2498 497 2538 S.
521 2499 614 2549 175,
634 2499 657 2537 6
687 2484 816 2535 ..ι-οὲ)
840 2508 912 2546 pro
937 2497 1079 2548 ..n-09,
1116 2509 1204 2536 eum
1234 2496 1275 2535 in
1306 2497 1482 2548 exemplo
1514 2497 1661 2537 Graeco
1687 2510 1792 2547 praes

270 2576 357 2603 sens
382 2558 524 2617 sitm),

386 2650 479 2689 Luc.
505 2650 552 2688 de
577 2650 648 2688 cal.
673 2648 705 2688 L
724 2647 761 2686 S.
784 2650 848 2699 15,
871 2650 890 2686 1
920 2637 1007 2694 1005
1041 2659 1170 2719 a<
1193 2661 1263 2699 pro
1286 2637 1374 2694 loo,
1408 2658 1555 2718 Q,

386 2742 416 2781 Ι.
438 2742 474 2781 S.
492 2743 595 2793 15‚4
620 2730 709 2787 100»
743 2729 812 2788 Ιώ
842 2754 912 2791 pro
946 2730 1032 2787 100)
1067 2731 1156 2802 ¹⁴¹9?
1198 2754 1285 2781 cum
1318 2741 1533 2792 perfectum
1562 2741 1673 2782 verbi
1707 2730 1794 2787 1009

271 2828 566 2939 ἓιιῃῖξὲἷτῖοοήο
605 2828 781 2867 iunctum
816 2840 892 2868 non
928 2829 1002 2867 nisi
1038 2827 1420 2879 plusquamperfecto
1452 2826 1598 2867 Graeco
1634 2840 1794 2878 respon-

299 2899 346 2925 sa
443 2916 452 2936 ‚
