1820 3126
201 120 286 162 382
813 122 858 157 A.
876 120 1110 157 Baumstarkt

202 231 360 281 recepit.
397 231 456 270 Ex
481 243 613 270 earum
638 233 770 271 autem
794 232 1017 271 versionum
1040 244 1204 271 numero
1230 231 1348 270 etiam
1368 231 1580 282 Sergianae
1605 234 1729 270 erant.

207 310 255 317 —
291 290 539 328 Recensionis
571 290 620 327 ab
645 289 825 341 Honaino
857 292 1034 342 curatae,
1065 292 1255 340 quantum
1286 290 1466 341 equidem
1499 290 1598 337 scio,
1635 290 1733 328 nihil

205 349 253 387 ad
289 351 462 387 nostram
500 360 621 397 usque
659 351 828 387 aetatem
865 349 1033 388 duravit.
1068 369 1123 375 —
1161 349 1329 387 Exstant
1367 350 1499 387 autem
1536 361 1559 386 a
1596 347 1731 398 Sergio

203 407 386 445 translati
411 407 465 445 de
491 406 778 455 simplicium
802 408 1247 446 medicamentorum
1271 406 1660 456 temperamentis
1686 408 1732 445 et

204 465 525 504 facultatibus
551 465 663 503 libri
689 465 913 503 VI—VIII
936 466 975 503 in
1002 467 1082 505 cod.
1101 478 1199 503 mus.
1218 466 1316 503 Brit.
1334 467 1485 512 14661,
1509 464 1610 502 unde
1632 464 1732 503 Mer-

205 523 291 562 xius
317 523 529 572 specimina
558 523 749 577 quaedam
780 523 822 561 in
847 524 974 562 lucem
1005 518 1215 575 edidit.¹⁶⁵)
1265 522 1371 573 Opus
1397 526 1474 573 est,
1505 523 1579 561 nisi
1605 522 1736 561 omnia

207 594 269 620 me
306 582 466 629 fallunt,
506 582 608 620 inter
645 581 834 631 Sergiana
870 582 981 620 unice
1016 582 1305 620 nitidissimum.
1364 581 1572 619 Praeterea
1613 581 1735 618 artis

206 640 412 678 medicae
438 642 478 678 et
502 639 732 678 librorum
759 640 812 678 de
838 640 1172 678 alimentorum
1200 639 1518 678 facultatibus
1549 651 1573 676 a
1598 638 1751 688 Sergio.

205 710 408 736 versorum
438 710 557 748 parca
587 699 809 748 fragmenta
839 701 1008 736 aetatem
1038 698 1226 736 tulerunt.
1274 697 1432 735 Minime
1464 697 1565 735 enim
1599 708 1737 735 vereor

208 757 258 794 ad
283 756 523 794 archiatrum
547 757 825 795 Resai'nensem
850 768 1033 795 revocare
1057 756 1263 806 reliquias,
1287 767 1386 805 quae
1410 755 1504 793 illuc
1527 754 1736 804 pertinent,

210 827 234 853 a
268 814 456 853 Sachavio
488 827 508 853 e
539 815 620 853 cod.
644 827 744 853 mus.
767 815 867 853 Brit.
897 816 1035 854 17156
1067 808 1280 865 editas.¹⁰⁶)
1331 813 1479 851 Tantus
1511 825 1644 851 earum
1677 814 1738 851 est

210 886 297 911 cum
321 873 432 911 libris
461 873 508 911 de
534 873 675 922 simpll.
699 873 826 911 medd.
851 885 875 910 a
900 872 1035 922 Sergio
1066 872 1269 911 translatis
1298 872 1339 909 in
1367 871 1552 910 universa
1582 874 1666 908 arte
1697 873 1738 909 et

207 932 359 970 ratione
383 931 668 980 interpretandi
693 943 922 981 consensus,
953 932 1066 969 tanta
1089 930 1366 969 vocabulorum
1391 929 1629 967 medicorum
1652 940 1738 967 con-

209 990 423 1037 venientia,
460 991 596 1028 tantus
627 990 663 1027 in
697 989 850 1027 delectu
881 989 1107 1039 verborum,
1144 989 1183 1026 in
1215 987 1492 1037 compositione
1526 987 1737 1025 dictionum

211 1050 433 1087 concentus.
459 1069 513 1074 ——
546 1048 652 1086 Haec
682 1048 836 1098 quidem
870 1047 916 1086 de
945 1047 1188 1085 versionibus
1221 1046 1444 1097 argumenti
1473 1044 1622 1084 medici.
1672 1042 1736 1084 Ab

211 1107 298 1156 ipso
319 1106 456 1156 Sergio
484 1118 606 1145 novos
632 1107 679 1144 de
704 1108 790 1144 arte
815 1105 964 1144 medica
988 1106 1110 1144 libros
1136 1104 1369 1154 compositos
1390 1115 1473 1142 esse
1497 1115 1575 1142 non
1597 1103 1739 1142 scimus

210 1165 286 1203 nisi
323 1165 440 1203 duos
478 1165 608 1213 illos,
652 1176 764 1214 quos
801 1163 1059 1202 canonibus
1090 1163 1292 1201 Ahronis
1329 1175 1353 1200 a
1384 1161 1522 1201 Gosio
1559 1155 1739 1214 (Gesio)

214 1223 410 1273 Syriace
434 1223 584 1261 versis
610 1222 793 1260 adiecit.

327 1282 374 1319 In
409 1281 624 1331 physicis
662 1280 875 1330 disciplinis
912 1282 1079 1330 quatuor
1114 1280 1252 1318 habuit
1288 1281 1467 1318 auctores
1497 1277 1742 1328 Galenum,

216 1340 552 1388 Ptolemaeum,
566 1339 848 1376 Vindanium
863 1338 1153 1388 Anatolium,
1172 1336 1740 1376 Bardesanem.-Galeni

214 1399 358 1436 librum
390 1395 502 1445 περὶ
532 1394 765 1446 κριείμων
795 1394 990 1445 ἡμερῶν
1021 1409 1062 1435 se
1088 1397 1244 1446 Syriace
1268 1396 1433 1434 vertisse
1460 1396 1546 1445 ipse
1570 1395 1742 1432 affirmat

214 1457 243 1494 I.
265 1456 302 1495 S.
326 1469 391 1506 pg.
415 1458 509 1506 101,
528 1457 555 1494 4
580 1468 610 1494 s.
630 1468 660 1494 s.
708 1455 972 1494 Ptolemaei
1003 1453 1221 1503 μεγάλην
1247 1451 1476 1493 εύνταξιν
1501 1465 1622 1503 supra
1645 1453 1741 1491 vidi-

214 1527 301 1553 mus
327 1527 412 1553 eum
439 1515 700 1561 transtulisse,
725 1514 828 1552 unde
852 1514 956 1552 facta
979 1515 1029 1552 ab
1047 1507 1245 1564 Hagg'ago
1270 1513 1398 1551 versio
1421 1512 1590 1550 Arabica
1613 1513 1742 1550 exstat

214 1574 254 1611 in
279 1573 361 1612 cod.
386 1585 484 1611 mus.
511 1573 608 1611 Brit.
637 1573 747 1611 1034
774 1566 972 1624 (Warner.
993 1566 1107 1625 680).
1158 1571 1438 1610 Vindanium
1463 1570 1741 1608 Anatolium

213 1633 254 1670 iu
279 1631 390 1670 libris
416 1631 469 1669 de
494 1643 542 1669 re
567 1631 751 1669 rustica
775 1630 977 1680 expressit,
1002 1630 1049 1668 de
1075 1630 1216 1679 quibus
1239 1630 1341 1668 infra
1365 1628 1583 1667 accuratius
1608 1628 1742 1677 dispu—

215 1691 320 1728 tabo.
367 1690 427 1728 De
452 1690 717 1728 Bardesane
748 1689 914 1739 denique
948 1689 989 1726 in
1019 1689 1234 1739 astrologia
1263 1687 1467 1737 potissimo
1497 1686 1625 1735 Sergii
1655 1698 1744 1724 auc-

215 1750 302 1787 tore
320 1748 561 1797 ingeniosam
581 1748 843 1786 coniecturam
862 1747 979 1785 Hoff
983 1760 1019 1784 m
1028 1759 1176 1785 annus
1194 1746 1235 1784 in
1253 1748 1480 1784 transcursu
1499 1739 1739 1797 fecit.¹⁶⁷)—

216 1806 535 1856 Deperditorum,
567 1806 633 1856 qui
657 1806 698 1844 in
721 1805 887 1844 materia
910 1806 1074 1854 physica
1096 1805 1370 1853 versabantur,
1401 1804 1590 1842 librorum
1616 1802 1743 1852 Sergii

216 1865 476 1915 plurimorum
501 1865 584 1902 sine
609 1864 727 1903 dubio
753 1866 802 1910 et,
831 1864 898 1913 qui
923 1864 971 1902 ad
998 1863 1197 1913 opiniones
1220 1863 1294 1902 viri
1313 1865 1354 1901 et
1372 1861 1628 1911 cogitationes
1653 1874 1744 1910 per-

218 1923 434 1973 spiciendas
464 1922 676 1971 plurimum
707 1923 945 1971 conferrent,
975 1922 1160 1960 damnum
1189 1921 1254 1960 vix
1285 1921 1443 1969 explent
1473 1919 1573 1958 duae
1604 1919 1743 1958 disser-

217 1982 406 2031 tationes,
442 1993 538 2031 quas
575 1980 789 2019 Sachavius
826 1993 846 2018 e
884 1980 965 2019 cod.
1002 1992 1100 2018 mus.
1122 1972 1228 2018 Brit.
1262 1980 1401 2018 14658
1439 1972 1654 2030 edidit¹⁶⁸),
1691 1978 1744 2016 de

219 2040 400 2079 effectu
424 2040 563 2078 lunae
589 2041 635 2077 et
659 2039 712 2076 de
737 2041 866 2078 motu
892 2039 1018 2078 solis.
1061 2037 1233 2083 Quarum
1259 2050 1315 2086 ea,
1339 2049 1439 2086 quae
1458 2040 1519 2075 est
1537 2036 1584 2074 de
1604 2036 1743 2074 effectu

218 2100 351 2148 lunae,
388 2098 501 2148 quasi
537 2098 850 2147 supplemen‘sum
880 2099 940 2136 est
969 2097 1160 2136 versionis
1192 2095 1386 2134 Galeneae
1424 2092 1518 2143 περὶ
1552 2091 1744 2142 κριείμων

218 2155 397 2206 ἡμερῶν,
421 2157 547 2194 altera
565 2156 611 2194 de
632 2158 739 2194 motu
760 2155 854 2194 solis
873 2155 1138 2206 fragmentum
1157 2166 1240 2193 esse
1259 2154 1354 2192 mihi
1373 2154 1527 2192 videtur
1548 2165 1569 2191 e
1588 2154 1743 2203 copioso

221 2216 268 2254 de
298 2214 538 2254 astronomia
567 2214 667 2253 libro
700 2216 934 2263 excerptum.
988 2212 1145 2264 Physici
1175 2213 1339 2262 denique
1370 2211 1592 2261 argumenti
1623 2213 1745 2260 erant,

220 2274 296 2313 nisi
326 2273 460 2323 fallor,
497 2273 615 2311 etiam
650 2273 956 2322 quaestiones
987 2271 1142 2321 Sergii
1177 2271 1268 2309 illae
1305 2270 1354 2309 ab
1386 2270 1606 2320 Ebedjesuo
1642 2281 1744 2308 com·

220 2334 468 2371 memoratae.

338 2389 415 2428 Sed
439 2389 536 2428 satis
560 2390 602 2427 in
625 2390 779 2439 singula
803 2389 1032 2439 inquisitum
1058 2389 1128 2427 est.
1179 2387 1458 2427 Universum
1490 2386 1581 2424 viri
1607 2386 1747 2424 simu-

223 2451 403 2489 lacrum
426 2448 691 2487 informemus.
734 2448 1006 2498 Alexandriae,
1030 2459 1107 2497 quo
1131 2447 1226 2484 tune
1250 2445 1420 2494 undique
1439 2444 1583 2483 artium
1603 2446 1642 2482 et
1661 2445 1747 2483 doc-

222 2509 417 2548 trinarum
449 2506 610 2546 divitiae
639 2505 905 2555 confluebant,
942 2507 1086 2545 litteris
1123 2504 1243 2543 sacris
1280 2506 1321 2542 et
1355 2502 1526 2552 profanis
1560 2503 1746 2550 imbutus,

225 2579 370 2616 omnes,
395 2568 587 2615 quotquot
611 2577 703 2604 suae
725 2565 868 2603 aetatis
891 2565 1111 2603 hominibus
1131 2562 1240 2613 Syris
1259 2562 1357 2601 scitu
1377 2561 1484 2611 digni
1502 2562 1748 2611 videbantur,

224 2626 332 2664 locos
353 2624 601 2663 scientiarum
621 2624 797 2681 cognitos
816 2623 986 2662 habebat
1009 2625 1050 2662 et
1068 2623 1272 2662 tractatos.
1313 2619 1371 2658 De
1389 2619 1599 2670 theologia,
1624 2619 1748 2669 philo-

227 2684 380 2733 sophia,
410 2682 618 2732 medicina,
648 2681 902 2731 astronomia,
933 2681 1164 2731 astrologia,
1195 2679 1349 2718 cultura
1372 2690 1556 2728 agrorum
1580 2678 1749 2727 scripsit.

227 2743 325 2781 Tam
350 2753 485 2780 severo
510 2741 666 2790 ingenio
690 2742 732 2779 et
755 2739 891 2779 subtili
914 2740 1129 2790 praeditus,
1154 2740 1200 2777 ut
1217 2749 1274 2784 ea,
1298 2748 1397 2787 quae
1421 2736 1643 2787 aequalium
1667 2736 1747 2774 ani-

227 2813 311 2840 mos
330 2803 435 2839 totos
461 2801 707 2849 occuparent,
731 2798 872 2850 frigide
891 2799 1102 2848 neglegere
1120 2810 1198 2837 non
1216 2797 1359 2846 posset,
1382 2797 1464 2834 tam
1483 2795 1570 2833 miti
1588 2797 1748 2844 tamque

227 2861 409 2908 humano,
433 2860 480 2896 ut
503 2857 570 2895 diu
589 2857 755 2908 argutiis
773 2857 1000 2896 rabularum
1019 2855 1207 2896 delectari
1224 2854 1415 2905 nequiret,
1439 2853 1644 2903 perdidicit
1666 2853 1751 2903 qui-
