1820 3126
209 119 294 162 422
821 123 864 157 Α.
889 121 1122 158 Baumstark:

216 233 286 280 12,
318 244 363 270 ex
387 230 491 269 Plut.
524 231 571 269 de
603 243 724 271 exerc.
752 233 790 283 7,
822 245 869 271 ex
899 231 1003 271 Plut.
1027 232 1075 271 de
1099 233 1222 272 cohib.
1247 234 1292 273 ir.
1321 235 1392 285 19,
1424 235 1471 273 ad
1497 236 1661 274 alteram
1691 248 1737 274 ex
1801 273 1802 276 ,

216 290 340 328 Arist.
366 290 413 328 de
437 290 568 327 mund.
596 291 663 339 53,
687 302 733 328 ex
756 290 850 330 Luc.
874 290 921 329 de
946 291 1016 330 cal.
1043 292 1110 341 51,
1135 304 1180 330 ex
1205 292 1391 331 Themist.
1416 292 1462 332 de
1489 294 1575 332 virt.
1603 295 1669 342 62,
1694 306 1740 332 ex
1796 327 1797 330 ,

216 348 406 386 Themist.
438 348 484 386 de
515 348 626 387 amic.
653 348 725 399 28,
756 361 802 387 ex
834 349 937 388 Plut.
969 349 1016 388 de
1047 362 1170 388 exerc.
1195 352 1239 400 9,
1271 363 1318 389 ex
1341 350 1442 390 Plut.
1474 351 1521 390 de
1547 352 1671 390 cohib.
1696 352 1741 390 ir.

217 408 288 457 10,
314 406 362 444 ad
390 406 549 445 tertiam
575 419 622 444 ex
645 405 766 446 Arist.
792 407 839 446 de
862 407 994 446 mund.
1020 409 1064 456 4,
1090 420 1135 446 ex
1161 408 1275 448 Isocr.
1301 409 1349 447 ad
1375 408 1483 448 Dem.
1511 412 1553 459 9,
1578 423 1624 448 ex
1648 409 1740 449 Luc.
1798 438 1811 453 ρ.

216 465 263 503 de
288 465 358 503 cal.
388 466 428 512 2,
456 477 502 503 ex
529 465 716 504 Themist.
741 465 789 504 de
813 465 902 505 virt.
930 468 972 514 9,
1004 478 1049 504 ex
1075 466 1260 506 Themist.
1286 467 1333 506 de
1357 467 1467 506 amic.
1492 469 1537 518 4,
1567 481 1613 507 ex
1638 467 1742 507 Plut.

214 523 262 562 de
287 536 413 562 exerc.
446 526 484 572 7,
509 536 555 562 ex
580 523 682 562 Plut.
709 523 756 562 de
779 524 903 563 cohib.
929 524 974 562 ir.
1001 526 1038 564 3.

332 581 509 631 Denique
544 594 592 620 ne
630 582 728 620 illud
764 582 919 631 quidem
956 582 1006 621 ad
1042 583 1265 622 versionum
1298 583 1474 622 intimam
1511 583 1742 623 affinitatem
1809 567 1812 580 ζ

217 641 520 691 cognoscendam
556 640 654 678 nihil
685 641 835 679 confert
865 640 1115 679 enuntiata
1144 642 1351 681 relativa
1386 643 1435 680 ad
1464 654 1586 681 unum
1615 643 1743 682 omnia
1812 637 1816 641 ’

214 698 504 748 elegantissime
538 698 778 737 conformata
802 711 886 738 esse
911 699 959 737 ad
984 711 1159 737 normam
1182 700 1424 750 linguarum,
1449 712 1545 750 quas
1570 700 1745 750 dicimus,
1818 731 1820 738 .

220 756 493 795 Semiticarum
521 757 730 806 propriam.
773 757 848 795 Illa
867 759 1086 795 structurae
1104 757 1278 805 durities,
1304 770 1421 808 quam
1445 759 1603 808 plurimi
1627 760 1743 809 scrip·
1812 769 1820 799 ’ἢ

217 818 321 854 tores
353 814 443 865 Syri
468 827 557 854 cum
583 815 650 853 alii
675 818 758 854 tum
784 815 820 853 ei
845 816 1022 866 maxime,
1051 816 1117 866 qui
1140 815 1262 855 libros
1287 815 1454 855 Graecos
1480 817 1636 867 Syriaco
1660 830 1743 856 ver·
1813 825 1815 830 ’

216 875 362 923 terent,
388 873 461 912 sibi
485 874 750 923 indulserunt,
789 886 875 912 cum
901 874 988 923 ipsa
1011 874 1241 924 pronomina
1265 874 1432 914 relativa
1455 875 1610 915 flectere
1635 888 1745 915 cona-

215 926 449 985 rentur402),
474 933 523 970 ab
547 932 663 970 huius
688 933 875 971 sermonis
900 932 1060 983 antiquo
1085 933 1249 971 candore
1273 933 1469 972 abhorret.

332 990 442 1029 Haec
466 990 548 1028 fere
573 990 783 1041 habebam,
814 1002 915 1040 quae
947 991 995 1029 de
1018 1003 1160 1040 genere
1191 991 1385 1030 scribendi
1409 992 1587 1031 dicerem.
1635 992 1745 1038 Quod

216 1052 257 1088 et
286 1061 474 1099 perquam
505 1061 576 1098 pro
607 1051 695 1087 rata
725 1052 838 1099 parte
868 1049 1074 1098 antiquum
1105 1052 1166 1088 est
1195 1050 1236 1088 et
1265 1050 1361 1088 adeo
1392 1050 1433 1088 iu
1462 1051 1641 1090 omnibus
1672 1051 1747 1090 sibi

215 1110 388 1157 constat,
426 1107 552 1145 ut·ad
583 1107 698 1146 unius
730 1107 897 1146 hominis
930 1108 1065 1146 stilum
1096 1109 1246 1157 septem
1275 1108 1472 1147 versiones
1503 1109 1631 1148 redire
1661 1122 1747 1148 mea

218 1166 380 1217 quidem
405 1166 601 1204 sententia
625 1165 798 1204 dubitari
820 1177 899 1204 non
922 1166 1056 1214 possit.
1099 1165 1199 1204 Sunt
1223 1178 1316 1205 sane
1340 1167 1442 1205 inter
1465 1167 1639 1216 singulas
1663 1180 1747 1207 ver-

218 1225 344 1263 siones
370 1224 563 1273 quaedam
591 1223 816 1262 discrimina
840 1225 1038 1262 orationis.
1087 1224 1324 1263 Praesertim
1355 1225 1542 1264 versionis
1567 1225 1747 1264 Demoni·

217 1295 307 1322 ceae
337 1282 528 1321 orationis
558 1294 637 1320 non
670 1294 796 1332 pauca
826 1283 986 1332 propria
1016 1276 1197 1335 sunt.⁴⁰³)
1246 1282 1393 1321 Verum
1424 1283 1647 1323 discrimina
1680 1284 1750 1323 illa

218 1341 423 1380 collatione
448 1340 641 1380 maiorum
666 1341 775 1380 levia
798 1341 981 1380 videntur
1006 1343 1046 1379 et
1070 1353 1133 1391 ea,
1165 1353 1264 1390 quae
1294 1344 1365 1380 aut
1395 1354 1442 1380 ex
1471 1342 1626 1382 diversa
1654 1343 1747 1381 scri-

218 1399 333 1438 bendi
358 1399 541 1448 materia,
573 1411 672 1448 quae
703 1399 798 1438 alibi
823 1399 943 1438 alium
968 1411 1184 1438 sermonem
1209 1400 1397 1451 exegerit,
1428 1400 1541 1439 facile
1567 1400 1654 1440 duci
1679 1403 1749 1440 aut

217 1459 275 1497 ita
299 1458 483 1507 explicari
500 1458 662 1507 possint,
687 1459 739 1496 ut
757 1459 978 1497 statuamus
1003 1458 1126 1508 ipsius
1147 1457 1275 1508 Sergii
1298 1471 1421 1508 genus
1443 1459 1637 1498 scribendi
1660 1472 1749 1509 pro-

218 1517 380 1556 cedente
404 1519 582 1566 tempore
607 1516 757 1566 aliquid
781 1518 975 1555 mutatum
996 1528 1090 1555 esse.
1132 1515 1237 1554 Illud
1261 1529 1353 1556 vero
1379 1529 1424 1555 eo
1448 1517 1603 1556 facilius
1628 1517 1751 1556 statui

219 1577 362 1626 potest,
387 1574 490 1624 quod
515 1575 718 1614 versiones
743 1575 921 1613 conditae
945 1578 1037 1613 sunt
1061 1575 1161 1613 cirea
1186 1587 1271 1613 eam
1290 1577 1471 1623 aetatem,
1497 1588 1575 1625 qua
1592 1575 1752 1627 Syriaca

219 1635 357 1683 lingua
381 1632 431 1671 ad
449 1633 609 1672 litteras
635 1635 675 1671 et
694 1632 942 1682 scriptionem
968 1633 1156 1683 applicari
1179 1632 1245 1672 vix
1262 1636 1454 1683 coeperat.
1497 1633 1628 1683 Atque
1652 1634 1743 1673 anti-

219 1692 446 1742 quissimam
471 1692 650 1741 quidem,
681 1692 864 1741 quoniam
895 1691 944 1729 ad
968 1692 1155 1741 temporis
1179 1692 1370 1731 rationem
1397 1692 1550 1741 deveni,
1581 1692 1751 1731 omnium

220 1751 438 1790 versionem
471 1750 657 1789 Isocratis
690 1762 775 1789 esse
805 1750 938 1798 facile,
969 1750 1044 1788 nisi
1073 1749 1206 1798 fallor,
1240 1750 1485 1799 perspicitur.
1533 1750 1592 1789 De
1622 1752 1752 1790 aetate

220 1809 411 1848 versionis
435 1809 527 1847 libri
553 1809 601 1847 de
626 1808 770 1846 mundo
797 1808 890 1858 quid
915 1809 1117 1857 sentirem,
1142 1809 1220 1846 iam
1246 1808 1324 1847 dixi
1348 1808 1387 1846 in
1413 1821 1459 1846 ea
1483 1811 1594 1858 parte
1619 1809 1750 1859 dispu-

221 1868 401 1915 tationis,
433 1879 510 1916 qua
540 1867 587 1905 de
618 1867 701 1906 vita
730 1866 856 1916 Sergii
887 1869 927 1904 et
957 1867 1110 1916 scriptis
1142 1867 1318 1905 tractavi.
1369 1866 1554 1906 Isocratis
1587 1867 1751 1917 denique

221 1928 324 1965 inter
348 1927 389 1964 et
413 1925 813 1964 Pseudo-Aristotelis
838 1925 1037 1964 versiones
1062 1926 1215 1963 ceterae
1238 1925 1420 1963 videntur
1445 1925 1570 1963 factae
1596 1937 1691 1964 esse.

338 1984 464 2022 Multo
491 1983 611 2022 etiam
632 1983 763 2022 minus
790 1995 906 2033 quam
924 1983 965 2021 in
983 1979 1127 2033 genere
1147 1983 1340 2022 scribendi
1359 1983 1475 2032 plena
1497 1983 1753 2033 absolutaque

223 2043 471 2093 singularum
497 2042 718 2081 versionum
743 2041 1012 2080 convenientia
1035 2042 1250 2091 exspectari
1275 2041 1391 2080 debet
1422 2041 1462 2079 in
1490 2042 1677 2081 ratione
1707 2045 1755 2081 et

223 2102 323 2140 fide
354 2101 721 2150 interpretandi.
770 2100 904 2150 Longe
936 2099 1013 2138 alia
1045 2100 1147 2138 enim
1177 2100 1327 2138 ratione
1363 2103 1662 2139 consentaneum
1694 2102 1755 2140 est

224 2161 274 2199 ab
295 2159 453 2198 homine
467 2158 565 2209 Syro
586 2158 695 2197 reddi
711 2158 919 2197 iucundam
933 2157 1132 2197 Plutarchi
1151 2158 1436 2209 garrulitatem,
1456 2158 1535 2197 alia
1546 2159 1754 2198 dictionem

226 2219 336 2257 illam
369 2217 537 2256 ieiunam
570 2218 770 2266 totamque
804 2217 854 2255 ad
885 2216 1148 2267 praecipiendi
1180 2216 1371 2255 rationem
1406 2217 1622 2266 delapsam,
1656 2229 1756 2267 quae

228 2279 270 2316 in
292 2277 456 2315 Luciani
480 2277 527 2314 de
552 2276 748 2314 calumnia
771 2275 904 2314 libello
935 2275 1113 2325 offendit,
1144 2275 1222 2313 alia
1251 2275 1428 2324 putidam
1459 2278 1500 2314 et
1530 2275 1754 2314 simulatam

230 2335 437 2374 Themistii
473 2335 726 2384 elegantiam,
763 2334 841 2371 alia
880 2333 1136 2372 Demoniceae
1173 2334 1359 2372 orationis
1397 2334 1531 2372 stilum
1566 2346 1757 2384 pressum,

230 2394 444 2443 concisum,
476 2393 532 2431 ita
563 2392 645 2431 fere
675 2392 938 2442 elaboratum,
976 2394 1020 2430 ut
1049 2392 1170 2432 verba
1199 2391 1329 2431 verbis
1360 2392 1472 2442 quasi
1502 2392 1684 2431 demensa
1715 2397 1756 2431 et

230 2452 342 2502 paria
365 2451 660 2501 responderent,
694 2450 772 2488 alia
797 2450 961 2500 denique
986 2450 1259 2500 quaestionum
1282 2450 1519 2489 naturalium
1546 2451 1626 2499 vel,
1657 2462 1756 2500 quae

230 2511 279 2550 ad
299 2511 469 2561 primam
487 2508 772 2559 philosophiam
793 2509 1027 2558 spectarent,
1051 2509 1341 2558 expositionem,
1366 2508 1490 2558 qualis
1510 2511 1570 2547 est
1594 2509 1633 2547 in
1657 2509 1756 2547 libro

230 2570 279 2608 de
305 2569 461 2607 mundo.
510 2568 567 2607 Eo
592 2579 704 2606 nemo
736 2579 907 2617 unquam
938 2568 1196 2617 interpretum
1221 2566 1409 2617 Syrorum
1433 2578 1661 2616 progressus
1686 2569 1757 2615 est,

232 2630 290 2675 ut,
315 2639 414 2677 quae
437 2626 550 2666 nobis
576 2637 728 2665 summa
752 2626 1034 2675 interpretandi
1060 2626 1146 2664 laus
1170 2626 1364 2673 videatur,
1388 2625 1606 2676 proprium,
1631 2627 1676 2664 ut
1699 2626 1757 2664 ita

230 2687 366 2736 dicam,
394 2685 560 2724 colorem
588 2684 785 2732 orationis,
814 2684 881 2734 qui
906 2686 1009 2722 esset
1032 2684 1072 2722 in
1097 2684 1272 2733 exemplo
1298 2683 1373 2723 sibi
1391 2683 1601 2733 proposito,
1627 2684 1755 2733 patrio

234 2756 414 2783 sermone
438 2756 608 2793 aequare
633 2743 819 2782 studeret.
868 2741 972 2781 Satis
997 2743 1194 2782 habebant
1217 2741 1458 2793 argumentis
1478 2741 1757 2792 sententiisque

232 2801 454 2853 peregrinis
474 2814 530 2851 eo,
556 2815 632 2852 quo
652 2802 815 2852 quisque
833 2801 892 2839 uti
913 2801 1189 2852 consuevisset,
1215 2799 1407 2840 scribendi
1424 2811 1567 2850 genere
1587 2800 1758 2851 Syriaco,

234 2873 349 2911 quam
380 2860 464 2899 fieri
494 2863 643 2911 posset,
674 2859 962 2900 accuratissime
993 2860 1197 2910 expressis.
1251 2858 1316 2898 Ita
1345 2858 1406 2909 fit,
1436 2859 1481 2897 ut
1510 2858 1590 2897 fere
1622 2858 1755 2897 eadem
