1820 3126
246 148 334 191 450
858 150 899 187 A.
925 150 1159 188 Baumstarke

366 260 443 299 Sed
466 260 587 300 latius
611 272 724 300 casus
749 273 913 312 regnum
938 265 1072 312 patere
1096 274 1255 312 prorsus
1280 275 1391 312 nego.
1436 263 1475 302 Si
1495 263 1596 302 enim
1616 263 1655 301 in
1675 263 1775 302 iudi-

249 319 372 358 canda
397 312 603 369 scriptoris*
621 320 772 370 antiqui
797 321 985 359 memoria
1009 322 1139 360 omnia
1162 322 1254 359 licet
1279 321 1372 360 forti
1397 322 1585 371 tribuere,
1618 334 1681 361 ars
1706 322 1779 361 cri·

251 378 328 416 tica
346 378 456 416 nulla
475 380 544 417 est.
588 378 725 429 Neque
745 379 847 417 enim
866 391 965 428 quae
984 391 1097 418 caeca
1116 380 1215 418 forte
1235 380 1318 418 sola
1336 382 1539 430 reguntur,
1563 393 1610 418 ea
1629 380 1779 420 ratione

249 438 413 487 possunt
444 436 612 486 perspici
642 440 712 475 aut
738 437 912 477 iudicari.
937 459 994 464 -
1020 437 1082 476 An
1107 435 1257 477 codices
1282 439 1486 488 quosdam,
1517 439 1584 488 qui
1609 441 1777 477 aetatem

250 496 444 544 tulerunt,
478 495 534 533 ita
567 495 940 545 interpolatos-esse
970 498 1171 547 putemus,
1205 498 1250 535 ut
1281 496 1329 534 iis
1361 509 1406 535 ex
1431 497 1591 547 antiquo
1616 498 1778 536 alterius

249 554 482 591 recensionis
501 549 615 603 libro,
634 554 700 604 qui
720 556 890 593 aetatem
908 567 986 593 non
1000 555 1145 604 tulerit,
1164 567 1239 594 non
1254 555 1364 593 nulla
1378 555 1710 594 admiscerentur?
1724 577 1775 582 —

251 611 307 650 At
335 611 472 661 missa,
511 625 610 662 quae
640 612 729 652 inde
758 614 952 662 provenit,
985 614 1086 662 quod
1118 625 1204 651 cum
1236 614 1313 652 alio
1344 613 1442 651 alias
1474 612 1601 652 codice
1633 612 1779 652 Graeco

249 670 375 709 versio
407 670 569 720 Syriaca
605 671 820 721 conspirat,
856 671 1087 710 difficultate
1118 671 1158 709 id
1189 673 1293 710 certe
1326 671 1597 710 difficillimum
1630 672 1778 711 creditu

249 731 310 767 est
345 730 519 767 veterem
555 729 668 767 illum
699 730 1036 780 interpolatorem,
1075 732 1119 768 ut
1149 742 1236 768 eum
1268 742 1439 779 unquam
1470 730 1591 768 fuisse
1622 730 1781 780 fingam,

250 787 463 826 varietates
487 800 558 838 pro
583 790 670 826 rata
694 791 806 837 parte
825 788 1107 826 minutissimas
1126 788 1390 837 transtulisse,
1414 788 1646 838 gravissima
1665 801 1781 838 quae-

250 858 325 895 que
356 845 521 884 duarum
551 847 818 885 recensionum
850 846 1073 885 discrimina
1103 848 1170 884 aut
1199 858 1275 884 non
1300 846 1445 884 vidisse
1469 847 1540 884 aut
1562 859 1639 886 non
1664 847 1781 897 digna

251 904 423 954 duxisse,
453 917 618 954 quorum
648 905 839 944 rationem
869 905 1041 943 haberet.
1101 903 1202 949 Quid
1233 917 1325 955 ergo
1357 905 1607 954 relinquitur,
1631 905 1707 943 nisi
1739 908 1782 943 ut

251 962 450 1013 Syriacam
480 963 699 1002 versionem
729 976 799 1013 pro
831 975 984 1002 summa
1015 965 1056 1002 et
1086 963 1303 1002 certissima
1331 962 1371 1001 in
1396 963 1646 1002 aestimandis
1671 963 1781 1002 libris

252 1020 411 1060 Graecis
434 1021 562 1060 iudice
586 1021 824 1061 habeamus?

370 1079 479 1118 Cum
514 1080 738 1119 memoria
775 1080 1022 1118 Urbinatis
1060 1080 1274 1119 recensio
1311 1079 1563 1130 Sergiana
1604 1083 1783 1119 contra

254 1150 412 1177 omnes
437 1139 587 1177 libros
611 1138 848 1188 Vulgatae
875 1139 1050 1188 septies
1077 1139 1313 1177 convenit:

370 1196 478 1308 1151824)
504 1195 529 1236 Γ
539 1196 565 1236 S
591 1194 653 1235 coi
678 1195 753 1245 μὲν
779 1193 883 1246 ἀκμὴ
910 1196 1162 1246 φιλοεοφεῑν
1193 1193 1314 1236 ΛΠΙ,
1339 1195 1386 1235 cu
1411 1194 1486 1246 μὲν
1510 1193 1642 1246 ἀκμὴν
1661 1195 1779 1246 φιλο·

253 1255 399 1303 εοφεῑε
481 1285 490 1303 ,

369 1313 446 1351 VII
466 1315 489 1352 2
518 1311 543 1352 Γ
550 1313 613 1352 ZS
639 1314 730 1353 ταῖς
755 1310 955 1352 διανοίαις
992 1311 1111 1353 ΛΠΒ
1139 1311 1185 1352 ἐν
1209 1313 1299 1352 ταῖς
1325 1307 1613 1366 διανοίαιε533),

370 1371 508 1451 111175Βὲ
535 1370 560 1412 Γ
569 1372 671 1411 ZES
696 1370 801 1421 πρὸς
826 1371 902 1422 τὴν
927 1369 1086 1419 ὑγιείαν
1127 1370 1247 1412 ΛΠΙ..
1273 1370 1378 1421 πρὸς
1401 1371 1478 1421 τὴν
1502 1369 1661 1420 ὑγιείαν
1686 1382 1780 1421 ευμ-

251 1427 440 1480 φέροντα
522 1461 530 1478 ,
596 1429 605 1438 “

369 1424 520 1527 XXXX?
538 1490 561 1527 2
590 1487 685 1528 I'ZS
710 1486 762 1528 τὰ
786 1486 939 1528 ἑαυτοῦ
981 1486 1100 1528 ΛΠΙΛ
1126 1485 1231 1537 ὑπὲρ
1255 1487 1340 1527 τῶν
1366 1483 1586 1542 αὑτοῦ585),

373 1547 441 1586 XL
461 1548 531 1586 4s.
558 1545 654 1586 I’ZS
678 1548 738 1599 τῷ
764 1546 839 1597 μὲν
865 1545 1017 1595 εώματι
1044 1568 1098 1574 —-
1124 1568 1180 1574 -
1209 1568 1258 1574 -
1286 1548 1335 1599 τῇ
1361 1545 1407 1586 δὲ
1433 1549 1546 1600 ψυχῇ
1589 1545 1708 1587 ΛΠΙι
1732 1545 1782 1586 τὸ

254 1603 328 1654 μὲν
353 1606 468 1654 εῶμα
496 1627 545 1632 —
573 1605 649 1655 τὴν
675 1604 722 1644 δὲ
748 1601 980 1659 ψυχὴν586),

369 1664 500 1703 XLIII
522 1667 571 1703 11
607 1662 746 1704 szES
777 1665 865 1704 τοῖς
897 1661 1134 1703 επουδαίοι(
1165 1661 1386 1713 ἀπένειμεν
1428 1662 1508 1704 ΠΒ
1539 1664 1627 1703 τοῖς
1659 1675 1783 1703 (που-

255 1719 387 1762 enimc
411 1721 435 1771 ἡ
463 1721 583 1772 φύει(
608 1719 830 1772 ἀπένειμεν
855 1720 905 1773 (Λ
931 1737 1003 1762 om.
1031 1717 1258 1776 verba).⁵⁸⁷)
1802 1777 1806 1780 ἡ

372 1782 459 1820 Nisi
485 1782 614 1820 omnia
638 1795 700 1820 me
725 1782 879 1830 fallunt,
905 1782 1106 1831 probanda
1128 1782 1190 1820 his
1214 1781 1308 1820 locis
1334 1783 1394 1820 est
1419 1781 1622 1830 scriptura,
1648 1781 1686 1819 in
1707 1793 1784 1832 qua

254 1840 279 1878 S
310 1843 352 1879 et
384 1838 410 1879 Γ
442 1841 677 1879 conveniunt
707 1841 843 1890 etiam,
880 1841 914 1878 si
951 1840 1186 1879 sententiam
1217 1842 1447 1890 spectamus.
1495 1840 1539 1878 Id
1575 1840 1676 1889 quod
1708 1842 1784 1878 sta-

256 1899 398 1937 tuerim
437 1899 555 1938 etiam
592 1900 639 1937 de
669 1899 752 1938 loco
785 1898 916 1937 XLIII
946 1901 1017 1948 11,
1054 1898 1122 1936 ubi
1152 1899 1330 1936 Blassius
1367 1898 1523 1948 putavit
1558 1898 1784 1937 auctoritati

254 1956 457 1996 Urbinatis
484 1957 612 1996 minus
637 1957 984 2007 obtemperandum
1005 1969 1098 1996 esse.
1144 1956 1352 1996 Commode
1372 1957 1473 1996 enim
1493 1957 1657 1995 verbum
1681 1952 1780 1995 ἀπέ-

255 2026 394 2064 νειμεν
420 2029 507 2055 cum
532 2013 557 2065 ἡ
583 2014 835 2065 πεπρωμένη
860 2016 971 2066 iungi
996 2017 1137 2066 potest.
1186 2014 1306 2066 Quin,
1330 2028 1379 2054 ne
1402 2015 1588 2064 intellego
1614 2015 1783 2066 quidem,

256 2087 324 2113 cur
347 2075 388 2113 in
413 2074 590 2125 generali
614 2075 684 2113 illa
709 2074 903 2114 sententia
927 2074 1034 2113 aliud
1060 2074 1109 2112 ad
1134 2074 1259 2113 fatum
1286 2073 1395 2112 aliud
1419 2074 1466 2112 ad
1486 2076 1667 2112 naturam
1687 2074 1784 2112 refe-

253 2133 417 2171 rendum
444 2134 506 2172 sit.

372 2191 516 2230 Contra
545 2191 593 2230 iis
626 2187 738 2242 locis,
775 2191 842 2230 ubi
879 2204 978 2230 cum
1010 2190 1218 2241 Vulgata
1255 2191 1281 2229 S
1318 2193 1482 2230 contra
1518 2191 1784 2229 memoriam

254 2249 507 2288 Urbinatis
533 2250 646 2298 facit,
672 2251 865 2300 scriptura
882 2249 1086 2288 Urbinatis
1112 2251 1182 2288 aut
1205 2252 1341 2299 aperto
1367 2262 1496 2288 errore
1519 2249 1667 2288 librarii
1691 2251 1786 2287 nata

258 2310 319 2347 est
343 2311 414 2346 aut
437 2311 559 2359 certe,
595 2309 628 2347 si
653 2310 872 2347 accuratius
898 2309 946 2347 de
969 2321 1069 2347 nexu
1095 2309 1376 2347 sententiarum
1402 2309 1634 2359 cogitamus,
1659 2307 1785 2346 minus

254 2366 410 2405 videtur
434 2369 527 2415 apta
552 2379 647 2405 esse.
698 2367 791 2406 Loci
817 2370 911 2407 sunt
935 2366 1099 2406 sedecim
1126 2379 1287 2406 numero

370 2425 430 2463 ΠΙ
457 2427 479 2464 7
514 2425 583 2463 ΖΕ
618 2423 869 2474 ἐπιχειροῦει
902 2425 1040 2465 ποιεῖν
1073 2419 1133 2478 (in
1164 2423 1189 2464 Γ
1221 2425 1359 2465 ποιεῖν
1395 2425 1495 2464 forte
1525 2426 1713 2464 omissum
1746 2426 1787 2462 et

257 2486 393 2533 postea
418 2483 592 2522 additum
618 2479 710 2537 est),
735 2481 890 2523 AHLS
915 2479 1254 2538 {uixetpofict⁵⁸⁸),

371 2543 424 2580 IV
447 2544 469 2581 6
498 2540 600 2581 ΓΖΕ
626 2539 694 2581 ἐπὶ
720 2539 852 2589 λόγον
893 2540 1085 2582 Armes
1111 2539 1179 2581 ἐπὶ
1204 2539 1334 2590 λόγον
1359 2536 1580 2594 μόνον589),

374 2600 430 2638 IV
453 2603 474 2640 7
504 2599 565 2639 ΓΖ
590 2598 666 2640 τὸν
690 2597 852 2649 τρόπον
893 2597 1050 2640 ΛΠΙιΒ
1075 2598 1141 2639 καὶ
1165 2598 1240 2640 τὸν
1264 2595 1513 2654 τρόπονῦθο),

372 2659 469 2697 XIII
490 2661 512 2698 6
542 2657 645 2698 ΓΖΕ
670 2655 810 2708 ὅρκοι(
846 2657 1037 2699 ΛΠΒΕΒ
1063 2655 1223 2709 νόμοις,
1248 2659 1315 2699 ubi
1339 2659 1470 2710 etiam,
1496 2659 1529 2697 si
1554 2658 1640 2708 quis
1666 2670 1782 2708 quam

255 2717 414 2755 maximi
439 2718 707 2757 aestimaverit
732 2717 975 2769 Urbinatem,
1001 2718 1187 2758 concedet
1211 2713 1349 2767 ὅρκοι(
1374 2730 1578 2768 perperam
1603 2730 1649 2756 ex
1673 2719 1781 2756 ante-

255 2775 483 2814 cedentibus
509 2779 709 2827 sumptum
734 2771 910 2829 essem),

371 2834 441 2871 XX
467 2836 490 2873 6
522 2835 612 2874 τοῖς
647 2833 693 2874 δὲ
718 2831 844 2884 φίλος
867 2833 1029 2884 γενήεει
1072 2832 1321 2883 MTLZES,
1352 2847 1427 2873 om.
1452 2848 1508 2884 pr.
1533 2847 1623 2873 man
1648 2831 1685 2883 Γ,
1716 2833 1783 2873 ubi

254 2895 391 2941 postea
415 2893 454 2931 in
481 2893 655 2944 margine
682 2893 816 2932 addita
840 2896 933 2932 sunt
956 2888 1169 2946 verba⁶⁹²),
