1820 3126
552 116 842 154 Lucubrationes
869 115 1152 163 Syro-Graecae.
1543 112 1631 155 453

74 238 187 286 Quod
212 237 245 276 si
268 234 427 287 probari
451 234 594 283 potest,
622 230 820 282 scriptura
838 228 1046 268 Urbinatis
1072 230 1134 267 est
1152 226 1455 279 comprobanda.
1505 224 1631 276 Atqui

74 301 215 349 longe
241 295 440 348 primum
467 292 596 331 inter
621 291 808 330 codices
833 288 1075 339 vulgatae
1100 289 1254 327 locum
1280 289 1414 326 tenet
1439 285 1632 325 Vatica-

74 371 159 398 nus
185 354 228 398 Λ.
271 354 369 394 Eius
395 353 519 404 igitur
543 351 594 390 ad
619 349 930 401 comprobandas
958 348 1175 398 scripturas
1197 347 1404 386 Urbinatis
1427 346 1546 385 unica
1573 345 1631 384 vis

78 421 150 458 est.
197 414 322 454 Multo
355 412 486 451 minus
520 412 582 450 est
613 410 696 450 veri
722 409 850 448 simile
874 408 1098 446 Parisinum
1125 406 1168 447 Π
1197 410 1239 446 et
1261 406 1575 445 Laurentianum
1600 403 1633 442 L

78 490 166 517 cum
184 474 375 514 Urbinate
401 472 449 510 de
475 471 640 520 antiqua
665 471 706 508 et
729 481 824 509 vera
850 468 1048 519 scriptura
1067 468 1288 506 convenire.
1333 466 1422 505 Sed
1448 477 1502 503 ne
1529 476 1635 504 con-

78 533 365 588 spirantium
391 531 580 581 quidem
607 528 633 569 Γ
660 531 701 568 et
726 525 759 568 Λ
784 528 1021 567 lectiones
1048 539 1187 566 caeco
1221 525 1420 578 quodam
1452 525 1634 574 impetu

77 592 381 645 arripiendae
407 592 534 641 sunt,
561 589 818 639 siquidem,
841 586 1059 639 quamvis
1086 587 1223 636 pauci
1244 587 1342 624 sint
1365 583 1633 635 probabili-

79 654 195 695 tatis
231 651 433 701 numeri,
472 649 588 688 fieri
624 651 783 688 tamen
820 649 1000 698 potest,
1039 649 1090 684 ut
1121 645 1202 686 ΠΙ.
1240 646 1484 695 antiquam
1522 642 1634 681 Vul-

75 715 214 768 gatae
244 710 518 751 memoriam
551 708 874 755 servaverint,
914 719 1032 757 quae
1065 702 1290 745 Urbinati
1330 706 1459 744 esset
1496 715 1635 754 prae-

73 773 280 813 ferenda.
319 769 499 810 Contra
518 768 740 819 protinus
761 766 1057 818 spernendae
1078 767 1207 816 sunt,
1227 778 1327 804 cum
1352 776 1636 815 quocunque

73 833 200 873 libro
226 831 470 882 Vulgatae
495 829 838 876 convenerunt,
865 839 946 866 eae
971 826 1226 866 Urbinatis
1253 825 1508 874 lectiones,
1535 836 1636 863 cum

9 943 17 950 μ
73 892 245 944 quibus
270 888 299 930 Ε
324 888 628 940 pugnaverit.

122 1031 157 1068 2.
195 1025 464 1068 Λουκιανοῦ
494 1024 604 1079 περὶ
632 1024 719 1064 τοῦ
750 1023 813 1076 μὴ
845 1019 1025 1078 ῥᾳδίως
1056 1010 1292 1062 πιστεύέιυ
1325 1014 1588 1074 ἅιαβολῇ.*)

14 1086 20 1129 ι’
74 1118 104 1158 Ι.
125 1117 162 1156 S.
187 1131 224 1167 p.
248 1118 270 1155 1
287 1129 317 1154 s.
337 1127 367 1154 s.
410 1114 608 1153 Lucianus
635 1115 685 1152 ab
711 1114 956 1152 Immanuele
981 1112 1164 1151 Bekkero
1189 1111 1429 1161 recognitus.
1473 1109 1636 1160 Lipsiae

161 1177 284 1216 1853.
310 1175 387 1214 vol.
406 1174 448 1212 II
470 1188 506 1224 p.
528 1176 611 1213 421
629 1186 658 1212 s.
680 1187 721 1221 s.‚
749 1174 966 1212 secundum
989 1173 1101 1211 cuius
1122 1171 1306 1210 editionis
1325 1170 1493 1221 paginas
1512 1169 1638 1209 verba

161 1236 311 1275 Graeca
335 1234 467 1273 laudo.
522 1233 723 1272 Lucianus
753 1246 799 1272 ex
824 1233 1051 1271 recensione
1077 1230 1211 1270 Caroli
1236 1230 1427 1269 Jacobitz.
1478 1229 1637 1279 Lipsiae

161 1296 286 1335 1839.
325 1294 402 1333 vol.
428 1293 490 1332 [H
518 1307 558 1344 p.
586 1294 669 1333 265
696 1293 839 1344 Ryssel
864 1293 889 1331 l.
915 1293 940 1331 1.
967 1306 1005 1342 p.
1034 1292 1088 1331 45
1105 1304 1135 1330 s.
1156 1303 1184 1330 s.
1237 1290 1450 1329 Hoffmann
1474 1290 1516 1327 in
1542 1288 1636 1328 Got-

157 1354 354 1404 tingische
387 1353 567 1403 gelehrte
598 1353 800 1401 Anzeigen
831 1353 924 1390 anni
953 1352 1062 1390 1871
1097 1365 1134 1400 p.
1165 1351 1275 1389 1211
1294 1363 1324 1388 s.
1345 1362 1374 1389 s.
1425 1348 1637 1388 Rothstein

161 1414 422 1461 Quaestiones
447 1412 679 1451 Lucianeae.
724 1412 898 1451 Berolini
926 1412 1039 1451 1888
1065 1424 1102 1460 p.
1124 1412 1178 1449 89
1200 1422 1230 1449 S.
1251 1423 1281 1450 s.

192 1485 330 1536 Longe
368 1484 502 1522 aliud
538 1484 651 1522 mihi
688 1484 735 1522 in
774 1484 1028 1522 tractando
1066 1482 1267 1520 Luciani
1306 1481 1360 1520 de
1399 1479 1640 1519 calumnia

0 1537 17 1589 ῖῖ
75 1546 249 1584 libello
281 1543 512 1594 agendum
544 1546 632 1592 est,
669 1545 814 1594 atque
850 1543 896 1581 in
929 1542 1150 1581 oratione
1182 1540 1467 1580 Demonicea
1502 1552 1640 1590 prae-

76 1608 209 1644 stare
234 1603 450 1642 conabar.
497 1601 592 1641 Cum
623 1603 727 1642 enim
752 1604 793 1641 in
811 1602 1051 1642 recensenda
1074 1601 1344 1640 illa'oratione
1370 1600 1466 1639 totis
1486 1599 1639 1639 viribus

74 1665 185 1704 nisus
210 1676 356 1713 essem,
382 1665 427 1700 ut
452 1663 678 1702 examinata
702 1663 882 1702 versione
909 1662 1090 1713 Syriaca,
1115 1674 1218 1711 quae
1242 1660 1345 1700 ratio
1372 1659 1639 1698 intercederet

3 1744 11 1778 3
76 1725 181 1763 inter
215 1722 391 1774 singulos
424 1722 576 1762 codices
609 1735 728 1761 manu
761 1723 946 1773 scriptos,
981 1723 1247 1772 compareret,
1285 1733 1309 1759 a
1341 1719 1639 1771 comparatione

2 1808 17 1822 ·.
77 1782 270 1823 versionis
297 1781 482 1833 Syriacae
507 1794 596 1821 cum
621 1782 820 1822 codicibus
847 1781 1012 1820 Luciani
1044 1780 1291 1820 instituenda
1320 1780 1404 1819 fere
1438 1779 1637 1818 abstinen-

3 1860 16 1888 ¹⁴.
78 1843 173 1882 dum
198 1855 284 1881 esse
308 1841 531 1882 videbatur.
579 1842 701 1892 Nam,
733 1854 972 1892 quamquam
1003 1841 1120 1879 libri
1153 1840 1312 1891 quidem
1338 1839 1638 1879 Gorlicensis

80 1901 328 1942 collationem
354 1913 496 1940 novam
528 1914 552 1940 a
583 1914 625 1940 se
656 1902 884 1941 institutam
915 1901 976 1941 vir
1008 1901 1055 1939 de
1082 1900 1224 1939 studiis
1250 1899 1458 1938 Lucianeis
1492 1899 1642 1949 optime

2 1984 3 1990 κ
78 1962 240 2000 meritus
271 1961 290 1999 I
301 1974 328 1998 u
339 1961 352 1998 l
363 1961 377 1998 i
389 1974 412 1998 u
426 1973 444 1998 s
476 1960 502 1999 S
517 1974 539 2000 o
553 1975 592 2000 m
605 1974 646 1999 m
660 1974 681 2000 e
694 1975 714 2000 r
727 1963 752 2000 b
765 1975 786 2000 r
799 1975 820 2001 0
835 1961 860 2000 d
872 1964 890 2000 t
921 1960 1204 1999 humanissime
1237 1972 1389 1998 mecum
1421 1959 1639 1998 communi-

0 2178 23 2216 as(

0 2216 29 2454 .?{²?›⁸3¹3‡k“z*3÷22
0 2187 6 2206 .„

77 2021 201 2072 cavit,
238 2020 437 2070 copiosam
473 2020 665 2072 omnium,
703 2021 771 2072 qui
809 2021 858 2060 ad
896 2020 1077 2059 libellum
1116 2020 1164 2058 de
1202 2019 1400 2058 calumnia
1433 2030 1640 2057 recensen—

77 2081 171 2120 dum
196 2082 236 2119 et
263 2080 549 2119 emendandum
569 2080 718 2130 aliquid
738 2081 975 2130 conferrent,
999 2080 1175 2119 codicum
1195 2078 1438 2118 Graecorum
1455 2077 1641 2117 notitiam

77 2140 173 2180 mihi
212 2151 440 2189 comparare
477 2152 593 2189 posse
631 2153 720 2178 mox
757 2140 978 2190 desperavi.
1039 2139 1174 2178 Satius
1205 2139 1332 2190 igitur
1363 2137 1641 2177 existimabam

52 2199 368 2259 squaestionem,
401 2211 520 2248 quam
550 2200 764 2250 profligare
795 2203 921 2239 totam
953 2211 1033 2239 non
1057 2211 1231 2248 possem,
1264 2198 1423 2237 omnino
1449 2197 1641 2237 intactam

77 2259 320 2309 relinquere,
364 2270 483 2307 quam
525 2272 665 2309 parum
708 2261 827 2298 certis
870 2259 992 2298 armis
1031 2259 1254 2297 instructus
1296 2258 1426 2296 locum
1466 2257 1642 2297 omnium

79 2318 191 2358 unice
216 2318 411 2356 lubricum
438 2320 614 2369 tentare,
647 2319 714 2369 qui
740 2322 802 2358 est
827 2319 875 2358 de
900 2318 1079 2358 codicum
1103 2317 1393 2357 Lucianeorum
1418 2317 1640 2356 rationibus

79 2380 121 2417 et
157 2376 432 2417 affinitatibus.
488 2378 731 2430 Proponam,
769 2391 870 2430 quae
908 2380 958 2418 ab
993 2378 1166 2417 editione
1198 2377 1370 2416 Bekkeri
1404 2377 1642 2427 discrepant,

79 2437 298 2488 scripturas
336 2438 558 2488 apographi
589 2437 771 2488 Sergiani
805 2450 951 2477 omnes.
1006 2437 1061 2476 Iis
1093 2438 1142 2476 ad
1174 2436 1438 2476 definiendam
1469 2435 1643 2475 auctori-

81 2499 205 2536 tatem
230 2495 478 2546 singulorum
498 2496 676 2536 codicum
697 2497 950 2549 Graecorum,
975 2499 1169 2547 quantum
1188 2497 1274 2535 fieri
1291 2498 1438 2548 potest,
1463 2496 1641 2543 utantur,

80 2556 114 2596 si
144 2555 215 2606 qui
244 2555 453 2595 certiorem
483 2556 820 2607 copiosioremque
851 2557 1140 2606 scripturarum
1166 2556 1408 2596 Graecarum
1435 2555 1641 2594 scientiam

80 2628 200 2666 quam
231 2627 305 2665 ego
330 2614 546 2655 habebunt.
595 2615 732 2667 Neque
763 2629 857 2657 vero
888 2617 1044 2668 dubito,
1080 2616 1176 2666 quin
1208 2615 1300 2654 usui
1331 2615 1388 2653 eis
1421 2614 1642 2665 scripturae

197 2734 233 2779 ¹⁸)
257 2732 291 2767 A
315 2749 360 2762 =
387 2729 502 2766 codex
534 2728 758 2766 Gorlicensis
789 2740 813 2765 a
844 2729 1160 2765 Sommerbrodtio
1192 2728 1366 2774 collatus,
1401 2728 1429 2763 F
1456 2745 1499 2758 =
1526 2727 1644 2763 codex

81 2780 392 2827 Guelferbytanus
410 2778 438 2824 I,
465 2777 497 2814 G
510 2794 554 2807 =
571 2776 687 2813 codex
706 2775 1018 2822 Guelferbytanus
1037 2777 1082 2822 Π,
1109 2777 1137 2812 P
1152 2794 1197 2807 =
1210 2776 1326 2811 codex
1344 2775 1577 2811 Monacensis
1597 2775 1642 2821 Π,

82 2829 115 2865 D
208 2829 327 2865 codex
354 2824 592 2870 Oxoniensis‚
624 2825 656 2860 G
676 2841 719 2854 ==
740 2824 856 2860 codex
879 2824 1070 2861 Parisinus
1090 2828 1198 2867 3011,
1228 2823 1254 2857 V
1279 2841 1323 2852 =
1343 2824 1460 2859 codex
1479 2822 1642 2867 Graevii,

82 2878 116 2913 Y
141 2887 270 2923 margo
296 2873 472 2911 editionis
497 2872 657 2907 Aldinae
677 2871 710 2917 1,
736 2882 893 2917 quorum
918 2872 1119 2918 scripturas
1143 2870 1256 2908 laudo
1282 2871 1483 2907 secundum
1508 2870 1639 2906 editio-

82 2935 168 2961 nem
191 2922 493 2966 Iacobitzianam‚
520 2920 544 2956 S
566 2937 607 2950 =
629 2919 887 2966 apographum
912 2919 1044 2966 Sergii.
