1820 3126
235 124 319 166 448
849 125 891 162 A.
920 125 1152 162 Baumstark:

236 234 315 285 γὰρ
346 234 444 275 τοὺ(
469 233 738 274 πιετεύονταε
763 232 990 288 ἀδικοῦειν,
1021 238 1096 276 iam
1123 237 1171 276 ab
1197 237 1456 288 Anaximene,
1489 237 1586 276 Zoili
1613 239 1652 276 et
1678 237 1765 275 Dio-

238 294 347 343 genis
385 294 594 344 discipulo,
631 295 785 344 aequali
821 295 1034 334 Alexandri
1071 295 1202 346 magni
1240 308 1285 334 ex
1322 296 1496 335 oratione
1535 296 1767 334 Demonicea

239 353 495 402 transscripta
527 365 610 390 esse
641 353 741 402 ipse,
772 354 840 403 qui
870 357 985 392 antea
1015 354 1253 392 confidenter
1277 354 1558 400 affirmaverat,
1592 354 1766 392 Blassius

240 424 309 449 suo
339 412 423 449 iure
454 411 494 448 in
519 411 679 449 dubium
709 407 946 463 vocavit.⁵⁷⁸)
996 411 1141 450 Contra
1165 412 1431 461 Hermogenes
1462 410 1555 460 περὶ
1588 409 1767 460 μεθόδου

239 466 478 517 δεινότητος
502 482 584 518 cap.
598 469 726 507 XXXI
750 470 885 508 laudat
909 470 1146 520 paragraphi
1164 470 1349 509 tricesimi
1369 471 1484 520 primi
1503 470 1765 509 recensionem

240 541 264 565 a
293 528 479 566 memoria
510 527 698 566 versionis
724 527 906 578 Syriacae
940 529 1133 567 diversam
1165 541 1269 578 eam,
1300 541 1398 578 quae
1424 531 1484 567 est
1508 530 1546 566 in
1572 528 1765 567 codicibus

243 587 407 624 servatis
433 586 624 625 omnibus.
673 586 849 636 Apparet
872 587 996 636 igitur
1019 586 1282 626 recensionem
1300 587 1486 625 orationis
1506 587 1626 636 illam,
1651 599 1769 636 quam

241 643 391 682 codices
424 643 562 683 Graeci
599 646 870 692 servaverunt,
907 645 984 682 iam
1020 645 1219 684 lectitasse
1254 645 1435 695 aequales
1468 645 1589 682 Marci
1619 644 1770 683 Aurelii

243 702 431 741 Caesaris.
482 702 619 752 Itaque
643 703 740 741 illud
765 705 870 741 certe
894 703 1084 752 Rysselio,
1111 704 1178 754 qui
1201 716 1279 742 non
1303 703 1377 742 nisi
1403 705 1646 742 servatorum
1667 702 1768 741 codi-

245 773 331 798 cum
357 762 527 799 aetatem
552 762 741 811 respexit,
766 761 924 799 concedi
948 774 1026 800 non
1049 763 1180 810 potest
1204 762 1467 800 recensionem
1492 761 1669 800 versione
1695 761 1767 810 Sy-

243 819 350 857 riaca
386 831 608 869 expressam
645 819 835 858 Graecam
871 822 999 858 aetate
1035 820 1159 858 multo
1197 832 1380 869 superare
1412 814 1470 872 (II
1496 815 1580 871 44).
1634 819 1769 868 Neque

246 877 369 927 igitur
405 878 668 916 recensionem
699 877 888 916 Graecam
925 890 945 916 e
978 877 1138 928 Syriaca
1173 878 1329 917 fluxisse
1366 878 1448 916 ulla
1484 889 1653 927 unquam
1686 879 1771 915 arte

248 936 491 986 comprobari
528 937 684 986 poterit.
738 935 884 974 Verum
919 949 967 974 ne
1001 937 1263 975 recensionem
1298 937 1450 987 quidem
1486 948 1509 973 a
1541 935 1677 985 Sergio
1709 948 1774 974 ex-

245 1006 422 1044 pressam
454 1007 500 1034 ex
529 994 716 1033 memoria
746 997 967 1033 nostrorum
999 995 1173 1034 codicum
1206 995 1362 1033 ductam
1391 1007 1473 1033 esse
1498 994 1594 1032 mihi
1617 1005 1774 1043 persua-

245 1053 373 1092 serim.
421 1053 597 1091 Primum
631 1053 733 1091 enim
766 1065 842 1092 non
874 1065 998 1102 pauca
1029 1053 1275 1092 intercedunt
1306 1053 1530 1092 discrimina
1559 1052 1775 1101 scripturae

245 1111 302 1149 ita
326 1112 562 1161 comparata,
588 1113 632 1149 ut
657 1111 851 1160 scriptura
875 1111 1017 1150 codicis
1037 1111 1062 1150 S
1088 1124 1108 1150 e
1134 1111 1319 1150 memoria
1341 1114 1583 1150 servatorum
1602 1110 1776 1149 codicum

249 1170 338 1208 duci
367 1171 547 1219 nequeat.
602 1169 752 1207 Deinde
783 1168 970 1219 Sergiana
1000 1170 1172 1208 recensio
1203 1182 1280 1208 non
1309 1182 1507 1219 nunquam
1539 1169 1662 1208 multo
1693 1180 1779 1218 pro-

248 1228 336 1277 pius
368 1227 418 1265 ad
445 1240 623 1266 normam
648 1227 826 1266 dictionis
852 1227 1071 1267 Isocrateae
1095 1229 1260 1278 accedit,
1293 1240 1410 1277 quam
1436 1227 1595 1266 Graeca.
1642 1227 1779 1276 Neque

250 1299 342 1325 vero
374 1287 489 1335 illud,
521 1285 699 1335 quamvis
730 1285 854 1335 ipsius
880 1286 1065 1325 Isocratis
1098 1287 1221 1326 oratio
1245 1286 1480 1325 Demonicea
1503 1286 1637 1335 procul
1662 1285 1779 1323 dubio

247 1357 325 1383 non
359 1345 428 1394 sit,
457 1345 603 1383 nullius
633 1344 748 1394 plane
779 1345 966 1383 momenti
991 1347 1062 1385 est.
1109 1345 1213 1383 Nam
1236 1345 1414 1383 imitatus
1439 1346 1500 1383 est
1524 1343 1607 1382 sine
1631 1346 1781 1382 contro-

248 1403 378 1442 versia
413 1403 578 1452 scriptor
609 1402 794 1441 Isocratis
825 1404 949 1441 artem
983 1406 1024 1442 et
1054 1415 1281 1442 sermonem.
1328 1402 1467 1452 Itaque
1496 1402 1595 1440 mihi
1625 1402 1779 1452 quidem

251 1461 406 1500 videtur
437 1460 609 1499 dubitari
638 1474 716 1499 non
745 1473 876 1512 posse,
906 1461 1000 1510 quin
1032 1462 1299 1512 antiquitus
1331 1461 1447 1500 duae
1472 1461 1654 1499 fuerint
1678 1471 1781 1498 ora-

248 1520 396 1558 tionis
420 1520 738 1570 recensiones,
769 1531 839 1570 ea,
871 1532 970 1569 quae
994 1520 1140 1559 nostris
1164 1520 1276 1559 libris
1301 1520 1497 1571 proditur,
1521 1521 1562 1558 et
1586 1530 1649 1564 ea,
1681 1530 1780 1569 quae

254 1591 278 1616 a
302 1578 439 1629 Sergio
466 1578 695 1617 Resainensi
718 1577 758 1615 in
781 1578 958 1627 linguam
983 1578 1181 1628 Syriacam
1207 1589 1393 1618 conversa
1417 1580 1487 1617 est.

368 1636 515 1682 Quodsi
539 1649 617 1676 non
641 1636 699 1675 ita
722 1648 786 1675 res
811 1636 1039 1686 explicanda
1063 1639 1139 1688 est,
1171 1640 1216 1675 ut
1240 1637 1406 1675 alteram
1431 1649 1477 1675 ex
1501 1636 1628 1674 altera
1651 1647 1780 1673 recen-

251 1695 399 1735 sionem
431 1695 649 1734 manavisse
674 1697 911 1743 statuamus,
943 1695 1019 1746 iis,
1051 1708 1169 1745 quae
1195 1707 1326 1734 secus
1352 1695 1406 1733 ab
1431 1693 1632 1734 omnium
1657 1693 1782 1732 codi-

250 1766 352 1792 cum
377 1752 662 1792 Grraecorum
686 1754 910 1792 memoria
933 1754 1090 1793 versio
1117 1754 1308 1804 Syriaca
1332 1754 1549 1803 praebet,
1575 1764 1665 1791 non
1688 1751 1782 1790 nisi

252 1812 528 1851 cautissime
570 1812 617 1850 in
659 1811 961 1850 emendandis
1003 1813 1160 1852 verbis
1204 1812 1397 1851 Graecis
1444 1811 1667 1850 utendum
1710 1812 1782 1849 est

253 1873 335 1909 aut
364 1871 479 1909 adeo
504 1870 691 1909 omnino
716 1883 805 1909 non
831 1872 903 1908 est
927 1871 1162 1909 utendum.
1209 1870 1298 1910 Non
1322 1871 1448 1909 altera
1472 1869 1586 1908 alteri
1609 1868 1782 1907 recensio

251 1929 508 1979 praeferenda
533 1931 603 1979 est,
629 1929 697 1967 sed
722 1931 876 1967 tantum
901 1928 1099 1967 sciendum
1125 1929 1319 1978 duplicem
1345 1941 1429 1968 esse
1450 1928 1636 1967 orationis
1656 1939 1783 1966 recen-

255 1987 420 2038 sionem,
451 1999 624 2037 quasque
654 1989 822 2036 utraque
853 1987 1033 2026 exhibeat
1059 1987 1290 2037 scripturas,
1323 1986 1581 2025 indicandum.
1630 1985 1783 2024 Afferat

254 2046 397 2096 aliquis
428 2046 532 2085 locos
565 2046 671 2096 illos,
701 2046 769 2084 ubi
800 2045 884 2095 ipse
909 2048 979 2084 aut
1003 2046 1199 2085 sententia
1223 2045 1414 2095 sripturas
1441 2044 1650 2095 Sergianas
1673 2056 1784 2094 prae-

256 2108 362 2144 stare
387 2105 466 2143 dixi
491 2106 561 2143 aut
584 2117 649 2152 eo,
673 2105 776 2154 quod
801 2105 841 2142 in
866 2117 907 2143 se
932 2104 1138 2154 haberent,
1163 2105 1333 2154 aliquam
1358 2104 1577 2142 Isocrateae
1602 2102 1782 2142 dictionis

254 2163 531 2211 imitationem,
561 2165 606 2201 ut
637 2162 777 2215 probet
801 2174 884 2201 esse
909 2163 1096 2212 quasdam
1122 2163 1349 2213 scripturas,
1373 2174 1474 2211 quae
1498 2162 1590 2200 olim
1614 2161 1654 2199 in
1681 2163 1786 2199 utra-

255 2234 330 2272 que
367 2221 590 2260 recensione
626 2220 797 2259 traditae
830 2221 899 2260 sed
931 2221 971 2260 in
1007 2222 1219 2271 archetypo
1248 2223 1470 2260 nostrorum
1500 2220 1674 2259 codicum
1704 2231 1785 2258 cor-

254 2282 406 2330 ruptae,
431 2280 472 2317 in
497 2280 579 2318 solo
605 2279 830 2329 apographo
852 2279 977 2330 Sergii
1004 2282 1181 2319 servatae
1204 2280 1351 2317 fuerint
1369 2279 1525 2329 sintque
1545 2290 1591 2316 ex
1610 2278 1784 2317 versione

256 2338 416 2388 Syriaca
451 2337 726 2377 restituendae.
763 2358 814 2364 —
846 2338 920 2376 Est
957 2350 1049 2377 sane
1088 2338 1171 2377 veri
1207 2337 1354 2388 aliquid
1390 2337 1430 2375 in
1466 2350 1511 2375 eo
1543 2337 1784 2386 argumento.

256 2397 393 2446 Neque
425 2396 528 2435 enim
557 2408 719 2446 prorsus
751 2409 849 2447 nego
881 2409 957 2435 non
987 2397 1116 2435 nullas
1148 2397 1317 2435 fortasse
1340 2397 1380 2434 in
1403 2395 1590 2434 memoria
1615 2394 1787 2432 omnium

261 2455 450 2494 librorum
475 2454 710 2494 Graecorum
735 2455 978 2504 corruptelas
1002 2456 1138 2502 latere,
1167 2466 1267 2505 quae
1291 2454 1499 2493 secundum
1525 2452 1786 2491 recensionem

261 2514 490 2564 Sergianam
513 2513 657 2564 corrigi
681 2513 842 2562 possint.
887 2513 982 2552 Tres
1001 2513 1105 2552 locos
1124 2515 1230 2551 certo
1250 2512 1326 2551 huc
1344 2511 1580 2551 revocandos
1600 2523 1685 2550 esse
1704 2510 1786 2559 ipse

258 2574 403 2622 statuo,

375 2630 484 2668 XXV
505 2632 529 2670 6
555 2629 633 2670 lbb.
653 2629 741 2668 Grr.
767 2626 814 2667 ἐν
838 2628 929 2667 ταῖς
948 2625 1135 2677 ἀτυχίαις
1170 2628 1196 2667 S
1215 2626 1262 2668 ἐν
1280 2627 1369 2667 τοῖς
1387 2627 1555 2675 καιροῖς,
1583 2627 1651 2666 ubi
1668 2626 1786 2676 scrip-

262 2692 352 2727 tura
375 2691 599 2727 nostrorum
625 2688 798 2726 codicum
823 2690 983 2737 sumpta
1007 2689 1067 2726 est
1091 2700 1137 2726 ex
1162 2686 1477 2726 antecedentibus
1501 2686 1574 2734 τῆ(
1599 2682 1693 2733 περὶ
1711 2682 1787 2723 τὸν

264 2744 353 2796 βίον
378 2743 566 2796 ἀτυχίας,
593 2746 780 2797 Sergiana
804 2747 935 2784 autem
960 2746 1083 2785 multo
1109 2748 1170 2784 est
1194 2738 1514 2796 exquisitior⁵⁷⁴)‚

376 2805 484 2843 XXV
505 2807 528 2844 9
556 2805 635 2844 lbb.
660 2805 748 2844 Grr.
778 2801 825 2843 ἐν
855 2803 944 2842 τοῖς
976 2803 1134 2853 καιροῖς
1171 2803 1197 2842 S
1222 2801 1268 2842 ἐν
1292 2802 1381 2842 τοῖς
1405 2799 1625 2850 κινδύνοις,
1656 2801 1722 2840 ubi
1747 2800 1795 2838 in-

264 2865 477 2914 archetypo
509 2866 732 2903 nostrorum
761 2862 937 2901 codicum
962 2859 1009 2901 ἐν
1032 2862 1121 2901 τοῖς
1145 2861 1302 2911 καιροῖς
1326 2861 1422 2899 illud
1447 2860 1560 2900 modo
1584 2871 1787 2910 perperam
