1820 3126
168 143 254 185 522
787 144 827 179 A.
848 142 1084 179 Baumetark:

284 252 362 285 828.
390 249 415 284 Ι.
437 248 471 285 S.
492 253 548 293 89,
569 252 588 284 7
614 250 676 293 „et
699 258 810 295 egens
835 249 924 284 est“.

284 300 363 332 829.
388 295 415 331 Ι.
436 295 469 332 S.
491 299 546 340 89,
567 298 610 331 12
637 294 912 341 „praevenimus
937 294 1134 330 dicentes“.
1182 294 1283 330 Conf.
1307 306 1342 340 p.
1363 297 1441 330 425.

284 346 362 378 830.
389 342 415 377 Ι.
437 343 472 378 S.
492 346 548 387 89,
571 346 613 377 14
638 342 795 387 „iterum
819 342 905 377 inde
930 341 977 376 ab
1001 340 1143 377 initio“.

286 393 366 425 831.
392 389 419 426 Ι.
439 389 473 426 S.
495 392 550 432 89,
573 392 613 424 17
641 390 784 434 „motus
809 390 847 425 et
871 388 1039 433 quietis“.

257 439 365 518 tagi-,32⁴⁰
390 436 416 471 I.
437 436 472 472 S.
493 439 554 481 90,
582 440 598 471 1
615 447 642 471 8.
677 446 818 481 „neque
847 435 1084 471 madefiamus
1115 434 1267 470 humore
1296 443 1415 479 neque
1447 444 1700 470 exareseamus

168 482 255 519 sicci
315 486 345 518 8ι
361 511 369 519 .

285 533 364 565 833.
390 530 418 567 Ι.
437 530 472 566 S.
493 533 548 575 90,
569 533 589 565 5
614 528 693 574 ,,118,
717 539 811 573 quae
836 528 967 564 horum
991 527 1127 563 similia
1152 528 1269 564 sunt“.

285 580 364 612 834.
390 577 417 612 Ι.
439 577 474 613 S.
494 581 550 620 90,
571 580 634 612 88.
660 575 829 621 „digerit,
855 576 894 610 et
917 577 1096 620 quantum
1121 573 1267 620 digerit,
1293 574 1437 609 tantum
1462 574 1646 610 affectat“.

285 626 365 658 835.
390 624 416 660 I.
438 623 473 659 S.
493 627 548 668 90,
571 627 614 659 15
645 633 714 668 ,,118
739 621 860 667 quoad
885 621 1115 658 stomachum
1147 621 1327 666 quidem‘¹.
1377 620 1569 656 Exstitisee
1594 622 1703 656 antea

167 672 252 705 ante
280 681 324 705 ea
347 670 460 706 verba
484 670 688 706 versionem
709 669 839 705 Graeci
863 670 948 704 κατ’
970 669 1072 713 οὖρα,
1097 669 1228 713 postea
1251 666 1426 703 excidisse
1452 666 1591 703 indicat
1615 678 1694 713 par-

166 716 281 752 ticula
306 722 359 762 ᾶφ
385 718 526 763 (etiam)
552 717 708 753 servata.

227 817 243 851 t
285 773 364 806 836.
390 770 416 806 I.
438 770 473 806 S.
499 774 563 815 90,
588 773 633 805 29
648 781 674 805 s.
707 768 806 813 „irae
838 768 875 803 et
905 766 1114 803 iracundiae
1146 768 1184 803 et
1213 765 1387 802 tristitiae
1419 768 1456 802 et
1479 766 1640 803 invidiae
1666 769 1704 803 et

166 826 225 851 me
245 819 321 852 us“.

285 867 364 900 837.
389 864 416 899 Ι.
437 863 473 900 S.
494 868 549 908 91,
570 868 591 898 6
616 861 796 907 „multum
823 862 970 906 egens“.

286 913 364 946 838.
391 910 417 947 Ι.
439 911 474 946 S.
495 915 551 954 91,
571 913 616 945 10
644 909 824 954 „multum
847 906 1051 943 madidus“.

286 960 365 994 839.
391 958 417 993 Ι.
439 957 473 993 S.
494 961 550 1001 91,
572 961 614 992 16
641 955 912 1001 „corporibus“.

285 1008 366 1041 840.
392 1005 418 1041 Ι.
440 1003 474 1040 S.
496 1007 550 1048 91,
573 1006 614 1038 18
640 1013 777 1047 „usque
802 1002 849 1036 ad
874 1001 998 1037 sedem
1023 999 1194 1036 doloris“.

285 1054 366 1087 841.
390 1051 418 1087 I.
439 1051 475 1088 S.
495 1055 551 1094 91,
571 1054 613 1086 21
641 1059 779 1095 „usque
805 1048 852 1084 ad
877 1048 1001 1084 sedem
1026 1046 1198 1083 doloris“.

287 1101 366 1134 842.
391 1098 418 1133 Ι.
440 1099 474 1134 S.
495 1101 550 1142 92,
571 1101 602 1132 2.

287 1148 367 1181 843.
393 1145 420 1181 Ι.
442 1145 476 1180 S.
497 1148 553 1190 92,
573 1148 635 1180 28.
661 1141 841 1188 „membri
866 1141 954 1186 eius,
980 1140 1078 1186 quod
1103 1140 1239 1176 dolet“.

287 1194 365 1227 844.
391 1192 418 1227 Ι.
439 1191 473 1228 S.
495 1195 550 1234 92,
570 1194 591 1226 3
617 1188 821 1235 „reperitur
845 1187 1082 1224 declaratio‘u

287 1241 366 1273 845.
391 1238 418 1275 I.
440 1238 473 1274 S.
495 1241 550 1282 92,
570 1242 593 1273 4
617 1247 736 1282 „nunc
761 1247 784 1272 a
807 1234 912 1271 nobis
937 1234 1077 1270 dictum
1103 1234 1192 1271 est“.

287 1288 367 1320 846.
392 1285 418 1320 Ι.
441 1286 474 1321 S.
495 1288 551 1329 92,
571 1287 603 1320 5.

289 1334 367 1368 847.
393 1332 420 1368 Ι.
440 1331 474 1369 S.
496 1335 552 1376 92,
572 1334 604 1366 5.

289 1381 367 1414 848.
394 1380 420 1415 Ι.
442 1379 476 1414 S.
497 1382 553 1423 92,
573 1382 616 1413 22
643 1375 916 1421 „admovetur“.
954 1374 1057 1411 Conf.
1085 1374 1232 1418 eekeress
1252 1390 1296 1404 =
1314 1374 1563 1419 προεφέρομαι
1582 1373 1707 1411 Galen.

170 1436 228 1461 ars
253 1426 349 1462 med.
374 1425 400 1460 I.
423 1425 456 1461 S.
477 1428 533 1469 88,
555 1427 610 1470 15,
633 1428 687 1460 18.

289 1481 366 1514 849.
393 1478 420 1514 1.
440 1478 475 1514 S.
495 1481 551 1522 93,
573 1481 627 1514 11.

289 1528 367 1561 850.
393 1525 419 1561 Ι.
441 1525 475 1562 S.
496 1528 550 1569 93,
573 1527 617 1559 12
643 1524 708 1568 „ut
732 1532 841 1568 saepe
868 1519 1006 1557 accidit
1029 1522 1068 1556 et
1093 1540 1135 1546 —
1163 1522 1241 1557 --“.

289 1576 368 1608 851.
394 1573 421 1608 Ι.
443 1572 476 1608 S.
497 1575 552 1615 93,
575 1575 628 1607 17.

288 1623 370 1654 852.
395 1619 425 1655 1:
444 1619 478 1654 S.
499 1622 554 1662 93,
575 1622 618 1654 23
644 1616 792 1662 „quoad
817 1615 996 1651 dolores“.

290 1670 369 1702 853.
395 1667 423 1702 I.
443 1665 478 1702 S.
499 1669 556 1709 94,
576 1669 595 1700 3
622 1663 784 1710 „primus
810 1662 924 1707 igitur
947 1661 1028 1697 finis
1053 1661 1112 1696 est
1133 1659 1312 1696 unionis“.

290 1716 369 1749 854.
395 1713 422 1748 I.
443 1713 478 1748 S.
499 1715 555 1757 94,
575 1715 595 1747 8
610 1723 637 1747 8.
665 1709 773 1755 ,,0881,
798 1709 895 1753 quod
919 1708 1078 1744 fractum
1103 1708 1191 1743 est“.

289 1761 369 1795 855.
395 1760 421 1795 Ι.
443 1759 477 1794 S.
498 1763 553 1803 94,
575 1762 630 1794 12.

288 1809 367 1841 856.
394 1806 421 1842 I.
442 1806 477 1842 S.
497 1809 553 1849 94,
575 1809 618 1841 15
632 1816 659 1839 8.
686 1814 834 1849 „omnes
859 1802 1103 1838 conducentes
1129 1798 1355 1836 stomacho“.

290 1902 368 1936 858.
395 1899 421 1934 I.
443 1899 477 1937 S.
499 1881 553 1943 95}
575 1903 595 1934 6
609 1909 638 1934 s.
664 1896 859 1942 „asparagi
884 1895 981 1931 enim
1007 1895 1035 1931 ii
1059 1904 1205 1939 quoque
1229 1894 1322 1937 sunt,
1349 1893 1413 1939 qui
1431 1893 1638 1938 germinant
1662 1894 1709 1929 ad

173 1946 441 1991 procreandum
466 1956 591 1982 semen
616 1945 790 1981 arboris“.

290 2002 370 2034 859.
395 1999 421 2034 Ι.
442 1998 477 2035 S.
498 2001 554 2043 95,
580 2001 624 2033 13
650 1996 840 2042 „nutriunt
865 1995 960 2032 enim
995 2005 1038 2030 ea
1068 2004 1213 2039 quoque
1243 2003 1394 2039 genera,
1425 1992 1489 2028 ubi
1518 1991 1709 2039 pulchram

172 2047 359 2082 cocturam
383 2055 558 2091 perpessa
581 2046 698 2081 sunt“.

290 2096 370 2128 860.
396 2092 422 2128 I.
443 2091 478 2127 S.
499 2096 554 2136 95,
576 2095 619 2127 16
646 2102 713 2136 „ex
738 2090 790 2125 eis
818 2109 860 2116 —
887 2109 931 2115 ——
956 2089 995 2124 et
1018 2086 1209 2124 maxime“.

291 2143 371 2175 861.
397 2140 423 2175 Ι.
444 2139 478 2174 S.
499 2142 554 2183 96,
575 2142 608 2175 4.

291 2189 371 2222 862.
396 2186 423 2222 Ι.
444 2186 479 2221 S.
499 2190 555 2230 96,
578 2189 619 2221 12
646 2184 826 2230 „multum
849 2182 1076 2218 humorem“.

290 2236 369 2268 863.
395 2233 421 2268 Ι.
442 2232 476 2268 S.
497 2236 552 2276 97,
574 2237 591 2267 1
619 2231 673 2277 „si
695 2243 773 2267 rem
798 2229 1006 2273 experiaris,
1030 2227 1246 2274 rhaphani“.

290 2282 369 2315 864.
396 2280 431 2315 Ζ.
452 2279 494 2314 D.
515 2278 561 2315 M.
583 2278 624 2314 G.
645 2278 716 2314 vol.
736 2276 888 2313 XXXIX
908 2279 987 2319 261,
1010 2279 1050 2311 11
1074 2286 1120 2319 „a
1138 2274 1275 2320 plantis
1295 2274 1333 2309 et
1350 2273 1569 2310 radicibus“.
1609 2271 1710 2309 conf.

173 2326 278 2369 381(τῆ
298 2343 342 2356 =
362 2327 497 2370 βοτάνη
523 2325 547 2361 l.
568 2325 592 2360 1.
619 2329 698 2369 262,
718 2329 750 2360 6.

291 2381 371 2413 865.
397 2378 421 2414 l.
441 2378 465 2413 1.
492 2381 570 2421 262,
593 2381 634 2412 12
662 2376 803 2422 „magis
830 2385 941 2420 quam
965 2373 1066 2410 illa“.

292 2429 372 2461 866.
397 2425 421 2461 l.
442 2423 466 2460 l.
491 2427 572 2470 263,
591 2427 612 2458 8
638 2423 856 2468 „scribere“.

293 2474 374 2507 867.
399 2471 423 2506 l.
442 2471 467 2507 1.
493 2475 572 2516 264,
591 2474 612 2506 2
627 2483 654 2506 8.
681 2481 767 2516 „sex
790 2468 906 2504 libros
932 2467 1112 2514 scripsit“.

292 2521 371 2554 868.
396 2518 421 2554 1.
441 2517 465 2553 l.
491 2522 571 2561 264,
593 2520 636 2552 14
661 2527 737 2563 „ea,
763 2526 857 2561 quae
882 2514 928 2551 de
953 2514 1028 2550 illis
1052 2525 1075 2550 a
1098 2513 1215 2560 Nigro
1241 2512 1450 2559 conscripta
1474 2513 1594 2548 sunt“.

293 2569 372 2601 869.
397 2564 422 2599 1.
443 2565 466 2602 1.
492 2568 571 2609 266,
594 2568 635 2600 12
661 2562 965 2608 „quadraginta“.

292 2615 372 2647 870.
397 2611 422 2647 l.
442 2611 465 2647 l.
490 2615 570 2656 269,
591 2616 611 2647 5
637 2612 676 2647 et
701 2614 744 2646 10
769 2609 945 2655 „triginta
970 2610 1066 2644 sex“.

294 2662 374 2694 871.
400 2658 462 2695 1.1.
483 2662 562 2703 269,
578 2662 598 2694 7
618 2656 863 2703 „Ofioniconis
882 2657 920 2691 et
939 2653 1223 2691 Concalconclae
1243 2651 1506 2698 (deomionikon
1526 2652 1711 2694 8880815011-

175 2704 447 2759 kalkonklfie)“,
472 2705 510 2740 in
537 2704 668 2750 quibus
692 2703 848 2739 alterum
871 2713 1004 2738 nomen
1029 2712 1145 2747 aeque
1171 2702 1282 2746 atque
1301 2702 1380 2743 269,
1395 2702 1416 2733 8
1441 2709 1554 2745 prava
1572 2698 1711 2734 littera-

176 2763 258 2787 rum
282 2751 477 2787 iteratione
503 2752 715 2797 corruptum
739 2751 795 2786 est
818 2760 862 2784 ex
885 2748 1055 2791 konklas.

294 2802 373 2834 872.
399 2799 423 2834 1.
443 2798 467 2834 l.
494 2802 575 2843 269,
595 2801 639 2833 14
663 2807 775 2843 „ergo
801 2795 1031 2832 dimittamus
1055 2795 1128 2831 ista
1152 2796 1191 2831 et
1213 2791 1468 2839 incipiamus“.

294 2849 373 2881 873.
399 2845 423 2880 1.
443 2846 467 2882 1.
494 2848 573 2887 271,
593 2849 614 2880 6
629 2856 656 2880 8.
683 2843 746 2889 „in
770 2842 897 2880 ordine
921 2843 1075 2888 primo“.

295 2894 373 2928 874.
398 2891 423 2927 1.
444 2893 466 2929 l.
493 2895 573 2937 271,
593 2895 614 2927 6
639 2890 830 2938 „siccitate
858 2892 957 2926 sna“.
