1820 3126
615 111 907 149 Lucubrationes
932 110 1217 158 Syro-Graecae.
1607 107 1694 150 475

259 227 362 268 Cod.
382 239 492 266 111116.
513 226 630 266 Brit.
651 226 752 266 add.
770 225 911 266 14658
937 224 1004 263 fol.
1022 223 1139 264 163b
1159 223 1232 264 col.
1248 225 1272 263 2
1290 245 1337 257 --
1359 223 1426 263 fol.
1444 221 1561 261 167b
1580 221 1653 260 col.
1669 221 1692 258 2

142 284 237 342 (An.
262 288 300 327 S.
323 301 362 338 p.
383 281 587 339 64—73).

258 346 574 399 „Menandrus
601 346 791 396 sapiens
817 344 943 383 dixit
967 343 1082 382 initio
1103 355 1328 382 sermonum
1349 337 1536 382 suorum“
1559 335 1634 392 (=
1653 339 1694 377 in

140 408 305 458 prologo
329 406 480 456 primae
506 418 554 444 ex
579 405 636 444 eis
661 405 822 455 fabulis,
846 404 951 443 unde
975 403 1205 454 fragmenta
1230 404 1390 453 sumpta
1416 395 1576 454 sunt?):

260 468 296 505 1.
335 465 546 515 „Hominis
578 477 699 515 opera
730 466 824 504 sunt
856 475 959 514 aqua
991 464 1032 502 et
1064 475 1177 513 seges
1211 465 1251 501 et
1282 462 1481 513 plantaria
1512 468 1553 499 et
1582 458 1697 498 liberi

139 522 215 581 (==
240 524 499 573 ναυετολεῑν,
528 521 721 574 (πείρειν,
748 520 960 573 φυτεύειν,
988 522 1257 562 τεκνοποιεῑν
1283 522 1347 561 vel
1371 521 1501 560 simile
1527 513 1698 572 aliquid)

141 607 196 614 ——
225 606 274 613 -
307 606 357 613 —
385 585 594 635 pulchrum
625 586 686 623 est
717 583 919 635 plantaria
950 582 1161 622 instituere
1187 603 1245 609 —
1274 603 1323 608 —
1356 601 1406 608 —
1436 583 1478 620 et
1510 580 1697 619 decorum

143 648 203 685 est
226 645 348 684 libros
374 645 538 696 gignere
566 665 620 671 -—
642 665 695 671 -
720 664 771 671 —-
801 644 843 682 et
868 643 985 682 laude
1011 642 1133 693 digna
1159 644 1200 681 et
1224 640 1391 692 pulchra
1417 642 1478 680 est
1503 651 1618 690 seges
1641 660 1695 666 -

145 726 194 733 -
224 725 278 732 ——
305 717 445 744 verum
470 704 524 753 is,
556 717 633 755 quo
659 706 818 743 auctore
844 703 1044 754 provenit,
1076 704 1169 741 ante
1191 701 1327 740 ‘omnia
1350 700 1575 740 laudandus
1601 696 1698 738 est.“

258 763 370 803 Conf.
401 764 532 803 Plaut.
563 763 647 803 mil.
679 763 781 814 glor.
813 776 848 802 v.
883 764 967 802 703
989 774 1019 801 s.
1050 783 1098 788 —
1134 761 1267 801 Verba
1292 761 1456 812 Syriaca
1486 759 1698 799 manifesto

140 825 328 863 lacunosa
348 826 442 862 sunt
466 825 507 862 et
525 823 744 862 miserrime
763 823 937 862 turbata.
979 822 1119 872 Itaque
1140 822 1247 861 certo
1274 821 1322 859 de
1348 820 1546 860 sententia
1572 831 1700 858 exem-

140 884 264 934 plaris
294 882 436 922 Graeci
468 884 533 922 vix
566 885 701 933 potest
731 882 908 922 iudicari.
959 881 1148 932 Suspicor
1177 885 1313 920 tamen
1344 880 1583 920 sententiam
1614 879 1699 918 eius

140 943 320 995 similem,
345 955 446 994 quae
472 945 532 982 est
556 942 598 981 in
624 943 877 982 celeberrimo
903 941 1055 981 cantico
1082 940 1286 992 Sophoclis
1305 940 1440 992 Antig.
1466 953 1502 979 v.
1525 940 1607 979 322
1623 952 1654 978 s.
1669 951 1698 978 s.

140 997 220 1057 (ed.
245 997 383 1056 Dind.)
410 1002 458 1041 ab
486 1015 542 1051 eo,
568 1003 636 1052 qui
660 1002 899 1053 florilegium
919 1001 1125 1053 Syriacum
1145 1000 1378 1052 composuit,
1396 1001 1437 1038 in
1458 999 1616 1039 laudem
1636 999 1700 1037 dei

137 1074 364 1102 conversam
389 1074 486 1101 esse.
697 1091 699 1093 .

258 1123 295 1161 2.
332 1121 484 1173 „Deum
510 1116 586 1176 (=
608 1118 709 1162 θεὸν
735 1121 818 1161 sive
844 1119 979 1170 θεοὺς,
1006 1122 1109 1172 (111οᾶ
1136 1133 1332 1170 nusquam
1358 1122 1466 1159 certo
1491 1118 1701 1158 diiudicari

139 1175 290 1235 potest)
316 1181 445 1221 vereri
471 1175 546 1235 (=
573 1178 779 1235 (έβεεθαι)
812 1183 853 1220 et
883 1184 1041 1232 patrem
1072 1184 1113 1220 et
1142 1182 1313 1219 matrem
1344 1180 1540 1219 honorare
1570 1191 1700 1229 neque

141 1241 320 1280 deridere
347 1244 602 1292 senectutem,
628 1241 722 1292 quia
747 1254 866 1291 super
891 1253 978 1280 eam
1003 1243 1048 1280 tu
1073 1241 1296 1291 ingrederis
1323 1242 1364 1278 et
1389 1239 1607 1279 consistis.“

257 1299 368 1340 Conf.
394 1301 498 1340 Men.
523 1301 599 1351 frg.
623 1302 726 1353 1733
750 1301 914 1340 Philem.
940 1301 1016 1351 frg.
1040 1302 1123 1340 118
1150 1314 1186 1340 v.
1210 1302 1245 1348 1,
1269 1301 1366 1339 199.
1411 1300 1579 1338 Monost.
1602 1300 1700 1347 238,

142 1361 248 1410 378,
274 1361 357 1400 379
386 1362 425 1399 et
450 1358 693 1410 θεοεέβειαν
726 1373 813 1400 611111
840 1361 990 1411 pietate
1017 1373 1114 1412 erga
1137 1362 1324 1410 parentes
1350 1360 1526 1398 iunctam
1551 1358 1703 1410 Diphil.

140 1420 215 1472 frg.
236 1420 303 1459 93.
353 1420 521 1459 Monost.
549 1413 725 1474 230.⁸⁸⁷)

156 1534 159 1536 μ
261 1480 297 1519 3.
331 1479 455 1529 ,,Ε11111
482 1480 551 1529 (1111
576 1480 706 1519 senior
730 1482 770 1519 te
796 1481 869 1532 est,
893 1480 1055 1529 honora,
1081 1482 1128 1519 ut
1153 1480 1250 1519 deus
1275 1480 1317 1518 te
1343 1478 1487 1518 evehat
1511 1478 1561 1517 ad
1581 1479 1700 1517 hono-

142 1551 226 1578 rem
251 1541 292 1578 et
315 1537 618 1589 principatum.“

259 1597 368 1637 Conf.
394 1598 562 1638 Monost.
586 1600 680 1640 155.
710 1620 760 1627 —
790 1599 1014 1651 Utrumque
1040 1600 1310 1650 fragmentum
1335 1600 1471 1650 potest
1497 1600 1700 1649 sumptum

145 1670 229 1698 6666
255 1671 302 1697 ex
326 1658 551 1697 hortatione
576 1660 808 1711 paedagogi.

262 1718 300 1756 4.
339 1715 474 1768 „Cave
499 1718 620 1757 ferias
653 1712 752 1759 neve
779 1719 987 1770 quicquam
1013 1721 1131 1770 turpe
1157 1732 1298 1758 manus
1323 1720 1418 1758 tuae
1444 1720 1700 1769 perpetrave-

144 1777 239 1827 rint,
265 1776 358 1827 quia
383 1777 541 1827 gladius
565 1779 607 1816 in
632 1779 760 1819 medio
785 1779 940 1829 positus
967 1776 1062 1819 est.“

262 1835 373 1875 Conf.
405 1837 533 1876 Plaut.
565 1838 736 1877 Mostell.
769 1852 807 1878 v.
834 1840 933 1878 895.
981 1839 1081 1877 Rud.
1114 1852 1149 1878 v.
1178 1839 1304 1878 1010.
1354 1839 1512 1878 Trucul.
1540 1851 1572 1878 v.
1603 1839 1699 1878 614.

144 1896 277 1935 Verba
311 1896 497 1935 videntur
527 1909 613 1936 esse
652 1911 672 1936 e
710 1898 797 1937 rixa
829 1900 1004 1950 sumpta,
1042 1899 1172 1949 qualis
1205 1900 1266 1937 est
1297 1899 1403 1937 inter
1433 1899 1532 1938 duos
1563 1911 1700 1938 servos

143 1955 312 1995 Mostell.
338 1969 375 1995 v.
395 1956 478 1995 885
496 1969 526 1995 6.
547 1969 576 1996 6.
613 1958 713 1997 Rud.
733 1971 770 1998 v.
793 1959 876 1998 938
892 1971 921 1997 s.
937 1971 979 2010 6.,
1003 1958 1108 1997 inter
1133 1958 1425 1997 adolescentem
1453 1961 1494 1997 et
1518 1958 1701 1997 lenonem

142 2015 302 2055 Terent.
327 2014 496 2065 Adelph.
522 2029 557 2056 v.
588 2018 670 2056 172
692 2029 720 2057 s.
742 2030 783 2069 s.,
808 2018 915 2057 inter
939 2018 1107 2057 militem
1134 2020 1175 2057 et
1201 2030 1356 2057 servum
1384 2018 1515 2058 Plaut.
1542 2018 1701 2057 Trucul.

139 2088 175 2114 v.
198 2076 280 2114 603
297 2087 325 2114 6.
348 2088 378 2114 6.
421 2073 479 2114 Ut
507 2076 555 2115 de
572 2076 700 2116 milite
726 2077 977 2127 potissimum
1002 2079 1156 2118 rixante
1177 2078 1360 2129 cogitem,
1385 2078 1432 2116 fit
1450 2077 1575 2129 gladii
1595 2091 1701 2116 men-

140 2133 247 2173 tione
273 2134 523 2184 interposita.
588 2135 665 2175 Sed
696 2140 865 2187 possunt
890 2138 1013 2176 verba
1038 2138 1158 2177 etiam
1184 2138 1315 2177 redire
1340 2137 1391 2177 ad
1420 2150 1605 2177 scaenam
1630 2137 1701 2176 ali-

142 2206 272 2244 quam,
299 2194 457 2245 qualem
478 2193 708 2235 Pardalisca
731 2197 863 2236 verbis
890 2197 1069 2247 depingit
1087 2198 1216 2236 Plaut.
1239 2196 1325 2237 Cas.
1352 2211 1389 2237 v.
1412 2198 1492 2237 621
1511 2210 1540 2237 6.
1562 2210 1604 2249 6.,
1631 2199 1702 2236 aut

141 2253 309 2292 hominis
323 2253 458 2303 fuisse,
482 2255 550 2304 qui
563 2267 605 2293 se
617 2256 789 2294 insanire
803 2257 1079 2296 adsimulabat.
1113 2256 1363 2296 Conf.Plaut.
1375 2258 1477 2296 Men.
1489 2271 1526 2297 v.
1538 2259 1622 2297 832
1633 2269 1701 2296 s.s.

261 2314 298 2352 5.
325 2310 439 2363 „[Et]
468 2326 584 2353 nemo
610 2314 806 2355 homicida
823 2317 936 2366 peior
954 2319 1033 2367 est3
1059 2318 1216 2367 oportet
1237 2317 1351 2355 illum
1377 2318 1514 2357 statim
1541 2314 1701 2356 occidi.“

261 2374 298 2412 6.
325 2371 607 2421 „Sermonibus
626 2375 751 2424 patris
771 2376 831 2414 tui
851 2377 892 2415 et
915 2376 1056 2415 matris
1076 2377 1169 2415 tuae
1194 2376 1372 2427 quotidie
1395 2378 1577 2416 ausculta
1601 2389 1700 2415 neve

139 2432 310 2471 volueris
343 2444 410 2471 eos
443 2431 587 2471 iniuria
618 2435 688 2472 aut
718 2434 935 2485 ignominia
965 2435 1140 2484 afficere3
1171 2436 1253 2475 filio
1287 2436 1410 2488 enim,
1443 2437 1510 2486 qui
1544 2439 1701 2486 patrem

141 2504 255 2530 suum
292 2494 362 2530 aut
399 2492 566 2530 matrem
599 2505 712 2531 suam
745 2494 891 2534 iniuria
927 2498 968 2534 et
998 2495 1215 2546 ignominia
1246 2496 1378 2534 affecit
1417 2489 1492 2549 (=
1525 2490 1700 2550 partic.),

141 2552 309 2590 mortem
336 2553 377 2589 et
400 2551 581 2590 miserias
608 2552 705 2591 deus
730 2552 929 2592 molitur.⁴‘

260 2609 371 2650 Conf.
389 2610 491 2649 Men.
512 2611 586 2662 frg.
608 2612 703 2660 808,
726 2613 830 2663 8153
849 2612 1014 2653 Philem.
1034 2615 1110 2664 frg.
1133 2616 1216 2654 199
1239 2616 1279 2652 et
1301 2614 1378 2665 frg.
1396 2614 1480 2653 flor.
1502 2613 1588 2664 Syr.
1606 2616 1646 2663 2,
1660 2616 1698 2655 3.

146 2691 197 2696 —
227 2669 408 2709 Gratiam
434 2681 521 2709 esse
551 2683 576 2709 a
608 2671 692 2710 deis
722 2684 794 2721 pro
825 2672 1026 2712 hominum
1056 2674 1156 2713 bene
1189 2676 1260 2712 aut
1288 2674 1391 2711 male
1416 2673 1535 2713 factis
1567 2674 1699 2725 opinio

141 2731 203 2768 est
227 2741 251 2768 a
268 2729 485 2769 Menandro
511 2730 672 2769 minime
696 2731 836 2770 aliena.
880 2730 989 2772 Conf.
1016 2733 1091 2783 frg.
1113 2734 1216 2783 3793
1237 2733 1326 2771 Ter.
1346 2731 1516 2783 Adelph.
1535 2747 1572 2774 v.
1595 2735 1698 2785 6663

140 2788 306 2828 Monost.
336 2790 430 2828 126.

261 2849 297 2887 7.
335 2847 467 2898 „Bene
494 2844 569 2901 (=
596 2843 755 2903 καλῶς)
787 2850 937 2890 honora
965 2853 1122 2902 patrem
1147 2854 1259 2890 tuum
1290 2864 1389 2891 neve
1425 2853 1571 2891 amicos
1604 2855 1695 2891 tuos

141 2907 421 2958 contempseris
436 2921 544 2948 neve
571 2920 649 2959 eos,
676 2908 744 2959 qui
767 2910 808 2949 te
833 2909 1141 2962 honoraverunt,
1166 2910 1384 2962 ignominia
1412 2909 1627 2952 affeceris.“
