1820 3126
228 110 314 152 486
838 111 882 149 A.
906 111 1141 149 Baumstarkz

349 223 442 261 134.
481 222 647 273 „Turpis
679 224 720 261 et
749 222 912 263 obscura
941 226 1152 275 paupertas
1185 226 1245 264 est
1274 225 1407 264 iuncta
1440 238 1526 265 cum
1558 226 1755 266 doloribus

230 283 270 319 et
295 277 573 320 detrimentis.“

348 338 458 379 Conf.
483 340 583 378 Men.
608 339 652 377 fr.
677 340 758 379 597
766 355 776 389 ς
801 340 966 380 Philem.
991 342 1037 379 fr.
1062 343 1161 391 1023
1190 341 1321 392 adesp.
1349 343 1443 393 115,
1465 344 1564 391 1383
1591 343 1757 382 Monost.

232 399 327 447 227,
341 398 585 447 4553P1aut.
598 398 699 437 Men.
712 411 749 438 v.
763 400 858 447 564,
872 412 908 440 v.
918 400 1018 449 8473
1039 400 1136 439 Rud.
1151 413 1186 440 V.
1196 401 1298 451 2903
1311 401 1467 442 Terent.
1477 402 1633 441 Phorm.
1644 415 1679 441 v.
1692 403 1757 441 94.

349 458 443 496 135.
480 457 707 507 „Proximae
732 457 781 496 ab
806 458 951 497 honore
977 457 1138 498 divitiae
1164 461 1266 500 sunt
1267 456 1290 477 “

350 516 444 554 136.
480 487 659 567 '’,Bonum
682 527 869 567 magnum
893 517 1002 567 quies
1027 515 1122 555 est.“

355 575 449 614 137.
486 574 690 625 „Divitias‚
716 587 815 625 quae
834 588 911 614 non
930 575 1170 625 minuuntur,
1187 576 1290 616 vires
1309 577 1442 617 firmae
1462 578 1644 626 efficiunt,
1664 590 1757 628 pau—

230 634 425 682 pertatem
449 633 675 684 languidam
699 634 857 672 morbus
882 636 923 672 et
946 632 1187 684 aegritudof‘

349 691 459 730 Conf.
483 691 646 730 Philem.
672 692 748 742 frg.
775 693 875 742 163,
902 693 1067 732 Monost.
1092 694 1190 733 408.

351 750 446 789 138.
482 749 716 801 „Laetitiam
742 753 781 788 et
805 751 993 800 gaudium
1017 752 1164 790 sanitas
1190 749 1343 791 efficit.“

351 809 445 848 139.
483 808 637 859 „Limes
661 808 798 848 mortis
824 811 1002 848 senectus
1027 807 1123 848 est.“

353 868 447 907 140.
484 867 612 917 „Faex
643 867 836 906 malorum
867 868 1039 907 omnium
1069 870 1282 919 paupertas
1307 871 1384 918 est,
1417 870 1508 908 dum
1536 871 1686 910 accedit
1710 872 1759 910 ad

231 923 506 966 senectutem.“

348 984 457 1025 Conf.
482 985 648 1023 Monost.
675 985 771 1024 461.

351 1045 445 1083 141.
482 1043 615 1095 „Finis
639 1043 746 1082 vitae
770 1055 875 1081 mors
901 1041 996 1082 est.“

350 1103 444 1141 142.
483 1101 726 1153 „Abscondit
751 1102 910 1141 divitias
935 1100 1193 1151 sepulcrum.“

353 1162 445 1199 143.
484 1160 645 1211 „Perdit
667 1161 852 1210 pulchros
878 1155 952 1213 (=
977 1159 1026 1200 τὸ
1051 1158 1204 1200 κάλλο(
1217 1155 1256 1214 Ῥ)
1282 1160 1438 1200 febris.“

352 1219 446 1258 144.
483 1218 718 1268 „Pulchrum
744 1218 913 1257 reddunt
938 1220 1090 1258 vultum
1116 1219 1263 1258 sanitas
1298 1222 1338 1258 et
1367 1220 1469 1259 bona
1493 1217 1762 1260 conscientia.“

353 1278 447 1317 145.
487 1277 647 1327 „Perdit
672 1277 847 1315 stabilita
871 1275 1011 1316 mors.“

353 1338 446 1376 146.
472 1336 640 1387 „Decem
659 1338 791 1386 partes
810 1336 1000 1385 praeterit
1021 1338 1060 1375 et
1073 1336 1210 1376 deinde
1221 1337 1352 1387 perdit
1364 1349 1481 1375 unam
1493 1335 1763 1376 destinatamf‘

350 1394 408 1433 De
431 1395 514 1433 fato
540 1394 774 1433 sententiam
800 1406 884 1433 esse
916 1397 1124 1445 comparet.
1171 1395 1247 1434 Sed
1278 1396 1522 1446 singulorum
1554 1397 1763 1436 verborum

237 1454 487 1504 Syriacorum
512 1453 699 1491 memoria
723 1453 819 1491 mihi
842 1453 958 1492 nimis
983 1454 1132 1493 incerta
1154 1455 1322 1494 videtur.

357 1513 452 1552 147.
478 1511 608 1562 „Haec
621 1512 725 1550 mala
744 1514 784 1550 et
802 1512 904 1550 bona
923 1512 1126 1552 commista
1145 1514 1236 1551 sunt
1249 1513 1289 1552 in
1301 1513 1384 1552 vita
1396 1513 1596 1552 hominum
1609 1515 1765 1563 praeter

237 1572 387 1610 febrem
413 1573 454 1610 et
477 1571 679 1609 horrorem
704 1572 744 1609 et
768 1571 922 1609 dolores
947 1573 987 1610 et
1011 1572 1168 1611 morbos
1187 1572 1400 1622 graviores,
1426 1573 1493 1622 qui
1518 1573 1766 1621 appellantur

237 1630 366 1669 nuntii
396 1630 551 1680 mortis,
583 1631 624 1668 et
653 1629 768 1668 homo
800 1630 946 1678 eligere
976 1631 1112 1680 nequit
1140 1631 1199 1681 id,
1229 1630 1332 1680 quod
1359 1631 1564 1680 pulchrum
1589 1633 1666 1682 est,
1696 1633 1766 1669 aut

237 1689 372 1739 procul
397 1689 578 1727 recedere
603 1688 653 1726 ab
679 1701 726 1726 ea.
749 1700 810 1736 re,
834 1701 934 1738 quae
958 1689 1062 1727 mala
1086 1691 1164 1739 est,
1195 1689 1274 1740 sed,
1300 1691 1417 1738 prout
1441 1690 1535 1728 deus
1560 1689 1766 1728 constituit

237 1747 473 1797 hominibus,
499 1746 693 1795 incedunt,
719 1747 906 1796 quamdiu
930 1760 995 1786 eos
1020 1747 1152 1787 vivere
1177 1745 1402 1787 concessit.“

354 1805 463 1845 Conf.
488 1806 588 1844 Men.
613 1806 687 1856 frg.
707 1807 809 1856 4523
835 1805 999 1845 Philem.
1023 1806 1097 1856 frg.
1118 1807 1185 1858 88,
1207 1808 1301 1857 107,
1323 1808 1423 1856 133;
1449 1806 1593 1856 Diphil.
1613 1806 1684 1857 frg.
1707 1807 1761 1845 88

237 1879 272 1904 v.
300 1867 320 1904 1
339 1878 387 1915 s.;
412 1865 577 1904 Monost.
605 1865 706 1914 7403
731 1863 859 1903 Plaut.
884 1863 984 1904 Rud.
1010 1877 1045 1904 V.
1067 1866 1168 1915 1853
1192 1865 1266 1916 frg.
1291 1865 1373 1904 flor.
1401 1865 1485 1915 Syr.
1515 1866 1607 1903 148.

356 1925 450 1962 148.
487 1923 571 1973 „Ne
595 1925 764 1962 maestos
790 1922 946 1972 quidem
970 1935 1054 1962 esee
1079 1924 1236 1973 oportet
1259 1923 1452 1973 homines,
1477 1923 1579 1973 quod
1605 1923 1764 1971 diutius,

239 1995 356 2033 quam
381 1983 475 2032 ipsis
499 1982 757 2021 constitutum
783 1983 844 2020 est
866 1981 998 2021 vivere
1022 1994 1100 2020 non
1123 1979 1322 2031 possunt.“

358 2042 451 2080 149.
489 2041 573 2091 „Ne
597 2040 714 2079 irasci
738 2040 894 2090 quidem
918 2053 989 2079 nos
1014 2042 1170 2091 oportet
1192 2042 1353 2091 propter
1375 2040 1497 2089 mala,
1529 2052 1628 2090 quae
1653 2040 1764 2079 nobis

241 2100 433 2139 accidunt
437 2096 458 2117 “

359 2160 452 2198 150.
489 2156 600 2209 ,‚[Et]
627 2170 744 2208 quam
764 2169 878 2208 saepe
899 2157 1002 2196 enim
1021 2157 1150 2210 etiam,
1175 2159 1382 2208 postquam
1401 2158 1505 2196 mala
1522 2157 1766 2207 perpetravit

238 2219 368 2267 homo,
393 2217 442 2255 ad
467 2217 654 2256 honorem
679 2219 720 2255 et
743 2217 1006 2266 principatum
1029 2213 1243 2267 pervenitf‘

359 2277 452 2314 151.
492 2274 661 2325 „Verum
693 2277 850 2324 oportet
879 2275 1075 2314 hominem
1105 2275 1146 2314 in
1176 2276 1303 2326 luctu,
1339 2275 1406 2324 qui
1437 2275 1473 2313 ei
1504 2253 1659 2325 accidit,
1689 2286 1766 2313 non

240 2335 355 2373 nimis
380 2346 584 2383 procacem
609 2331 728 2372 essof‘

360 2394 455 2432 152.
492 2390 610 2442 ‚,[Et]
643 2391 922 2431 lamentatione
953 2404 1024 2431 sua
1054 2393 1104 2440 is,
1135 2393 1203 2442 qui
1232 2393 1343 2431 luctu
1371 2391 1539 2430 afflictus
1570 2393 1647 2439 est,
1683 2391 1767 2440 ipse

243 2452 318 2492 sibi
341 2452 443 2490 male
467 2451 580 2499 facit,
611 2451 704 2500 quia
727 2453 882 2490 mortuo
913 2451 1010 2489 nihil
1040 2451 1140 2490 lucri
1165 2451 1278 2490 affert
1308 2453 1348 2490 et
1375 2450 1460 2500 ipse
1490 2462 1531 2489 se
1555 2450 1768 2499 prosternit

243 2514 282 2550 et
313 2510 508 2549 deformat
537 2511 627 2559 post
656 2509 770 2548 illum
795 2505 870 2560 (=
896 2512 996 2559 part.
1020 2506 1177 2561 praes).
1227 2509 1302 2549 Sed
1331 2509 1383 2557 is,
1413 2509 1481 2558 qui
1510 2508 1664 2558 sapiens
1696 2510 1767 2559 est,

244 2569 421 2620 quamvis
448 2568 670 2607 carissimus
696 2568 772 2606 sibi
797 2568 849 2607 sit
873 2568 952 2618 ille,
977 2569 1042 2618 qui
1067 2570 1244 2607 mortuus
1269 2570 1340 2616 est,
1366 2562 1440 2619 (=
1459 2564 1605 2615 καίπερ
1630 2579 1661 2605 c.
1679 2579 1766 2617 gen.

246 2622 387 2680 absol.)
414 2628 624 2666 comitatur
648 2639 737 2666 eum
762 2627 810 2665 ad
836 2626 993 2666 domum
1018 2628 1245 2677 sepulturae
1268 2626 1491 2674 lacrimans,
1521 2638 1676 2675 verum,
1701 2625 1768 2663 ubi

245 2687 424 2736 sepultus
450 2688 530 2736 est,
560 2686 644 2735 ipse
675 2698 825 2736 quoque
857 2685 1012 2724 desistit
1035 2685 1243 2725 lamentari
1272 2687 1312 2724 et
1341 2684 1449 2724 videt
1471 2686 1602 2723 mente
1627 2695 1699 2723 sua
1727 2695 1768 2722 se

244 2757 398 2796 quoque
422 2745 659 2783 moriturum
683 2755 767 2783 esse
793 2739 866 2796 (²=
893 2742 968 2792 μὲν
992 2765 1049 2771 -
1073 2765 1127 2772 —
1158 2765 1208 2772 —
1235 2741 1282 2783 δὲ
1310 2763 1359 2771 --
1388 2762 1442 2770 -
1467 2735 1577 2795 -).“

361 2802 467 2843 Conf.
494 2803 592 2842 Men.
613 2804 686 2853 frg.
709 2803 803 2854 705,
822 2804 924 2853 706,
950 2803 1112 2842 Philem.
1133 2803 1208 2854 frg.
1231 2804 1285 2842 90
1310 2804 1350 2842 et
1373 2802 1422 2841 ad
1447 2802 1660 2840 extremam
1685 2812 1768 2840 sen-

244 2862 410 2903 tentiam
435 2861 597 2901 Philem.
622 2861 695 2912 frg.
718 2833 818 2914 116’3
842 2861 1007 2902 Monost.
1033 2863 1070 2901 8.
