1820 3126
0 894 5 905 ⁸
0 816 17 844 ,ns
5 778 11 783 ‹
0 422 26 768 :eampwma
0 384 5 402 ⁴<

559 95 850 133 Lucubrationes
876 94 1159 142 Syro-Graecae.
1550 96 1638 138 423

83 210 202 250 dictio
227 209 300 261 sit,
331 210 410 249 alia
434 209 475 248 in
501 209 589 249 aliis
616 208 874 260 scriptoribus
902 207 1065 248 Graecis
1089 210 1291 249 vertendis
1315 209 1419 248 ratio
1443 209 1636 259 interpre-

86 269 198 309 tandi
221 269 396 308 eiusdem
419 269 651 319 interpretis
671 268 774 320 Syri.
818 268 955 307 Nihilo
974 281 1068 307 vero
1089 269 1216 308 secius
1237 269 1436 320 Isocratis,
1461 269 1636 318 Luciani,

84 329 303 378 Themistii,
327 328 531 368 Plutarchi
549 329 750 368 versiones
777 341 865 367 cum
884 327 1066 367 versione
1089 327 1280 380 Sergiana
1304 328 1396 367 libri
1423 329 1470 367 de
1489 329 1636 368 mundo

82 389 265 430 universa
294 390 400 427 certe
431 391 517 427 arte
549 391 590 428 et
619 388 697 428 fide
727 387 1067 438 interpretationis
1100 388 1199 428 adeo
1225 389 1480 439 conveniunt,
1512 390 1558 427 ut
1590 401 1636 427 ex

79 461 127 487 ea
150 460 305 499 quoque
331 449 446 498 parte
470 461 611 487 manus
637 447 766 498 Sergii
791 447 831 485 in
856 447 937 487 illis
964 448 1079 487 facile
1106 450 1379 498 cognoscatur.

195 513 255 553 Ac
278 514 451 564 primum
481 513 640 563 quidem
666 513 932 564 singularis
959 514 1032 551 est
1062 513 1110 551 in
1135 513 1393 552 reddendis
1421 513 1633 562 singulis

79 573 274 613 vocibus
294 572 491 612 Graecis
518 573 807 612 constantia.
851 571 1040 611 Variatur
1066 584 1162 611 sane
1189 585 1335 623 sermo,
1359 573 1477 612 modo
1503 572 1632 623 aliter,

77 632 192 672 modo
218 632 334 672 aliter
359 632 498 672 eadem
522 632 669 672 locutio
694 632 845 672 Graeca
870 631 1114 682 exprimitur.
1160 632 1309 671 Tamen
1333 633 1375 671 in
1400 632 1633 672 universum

78 692 362 732 vocabulorum
386 705 481 731 usus
507 694 591 731 tam
616 692 734 732 certis
761 691 917 743 legibus
942 692 1263 742 circumscriptus
1290 694 1362 743 est,
1388 694 1434 731 ut
1458 693 1631 743 plerum-

76 764 151 803 que
176 764 224 791 ex
241 752 432 792 vocabulo
454 752 616 804 Syriaco
637 751 835 792 Graecum
859 751 969 791 facili
994 751 1220 791 coniectura
1244 752 1402 802 assequi
1422 752 1632 802 possimus.

75 811 375 862 Philosophicae
399 811 584 852 dictionis
616 814 722 852 certe
754 813 795 850 et
824 811 939 862 quasi
971 811 1069 850 artis
1094 811 1289 852 voeabula
1313 813 1633 852 constantissime

76 871 218 911 iisdem
242 871 446 911 vocabulis
472 871 646 923 Syriacis
670 872 902 911 redduntur.
953 870 1062 917 Quae
1087 871 1150 910 lex
1182 871 1308 911 sicubi
1339 872 1498 911 videtur
1522 872 1633 912 laesa

75 943 172 983 esse,
191 931 231 970 id
250 944 329 971 non
347 932 601 983 neglegentia
625 931 694 971 sed
713 931 892 971 consulto
912 931 1062 970 factum
1083 932 1155 982 est,
1180 943 1269 970 cum
1287 931 1485 982 interpres
1507 931 1632 983 Syrus

74 991 267 1030 vocabula
296 991 367 1030 illa
397 1004 476 1031 non
506 1004 710 1041 nunquam
742 990 1048 1041 significationes
1080 991 1228 1030 habere
1254 991 1436 1042 sentiret,
1473 1004 1575 1043 quae
1608 1004 1632 1031 a

77 1050 272 1090 communi
298 1063 372 1090 usu
397 1052 561 1101 paulum
582 1050 841 1090 discederent.
879 1051 978 1089 Rem
997 1051 1166 1100 prolatis
1187 1051 1376 1101 exemplis
1397 1051 1630 1091 confirmare

77 1112 114 1149 et
137 1110 303 1161 longum
328 1113 415 1149 erat
446 1113 488 1149 et
518 1123 660 1162 parum
691 1111 868 1150 adferret
897 1110 1099 1150 utilitatis.
1150 1110 1268 1150 Tales
1300 1111 1422 1162 enim,
1454 1124 1554 1162 quae
1580 1113 1630 1150 ad

78 1170 322 1221 singulorum
347 1170 630 1210 vocabulorum
656 1183 752 1210 usus
777 1170 1035 1209 illustrandos
1062 1172 1255 1221 spectant,
1281 1171 1532 1210 collectiones
1559 1174 1631 1211 aut

75 1230 210 1279 plenas
251 1232 291 1268 et
328 1230 507 1281 copiosas
544 1230 631 1269 fieri
667 1233 738 1269 aut
775 1230 934 1269 omnino
970 1242 1048 1269 non
1086 1230 1172 1269 fieri
1210 1232 1379 1281 oportet.
1443 1230 1630 1271 Ceterum

73 1289 220 1340 aliqua,
254 1302 354 1340 quae
386 1290 464 1329 huc
494 1290 665 1340 faciunt,
703 1302 791 1329 cum
823 1290 872 1329 de
902 1290 1092 1329 memoria
1123 1291 1362 1341 scriptorum
1387 1290 1629 1331 Graecorum

76 1349 286 1388 secundum
311 1350 513 1389 versiones
539 1349 753 1400 Sergianas
778 1349 1022 1389 emendanda
1047 1362 1257 1401 exponam,
1290 1351 1493 1390 commode
1519 1354 1628 1402 pote-

72 1410 164 1448 runt
191 1408 431 1448 adumbrari.

187 1473 394 1525 Copiosius
427 1487 546 1525 quam
572 1475 620 1514 de
645 1475 719 1514 hoc
743 1475 830 1515 loco
860 1474 1142 1527 inquirendum
1168 1477 1230 1515 est
1260 1476 1314 1515 de
1347 1475 1446 1516 fide
1478 1489 1628 1528 earum,

71 1547 167 1584 quas
191 1546 478 1586 comparamus,
503 1535 741 1574 versionum.
785 1534 842 1574 Ut
866 1548 890 1574 a
913 1535 1010 1574 locis
1037 1535 1273 1586 quibusdam
1292 1536 1553 1587 discedamus,
1579 1537 1626 1577 de

70 1593 211 1644 quibus
234 1596 374 1644 postea
399 1594 623 1646 disputabo,
647 1594 689 1633 in
709 1594 890 1634 omnibus
915 1595 1016 1633 illud
1042 1597 1175 1634 actum
1201 1598 1275 1647 est,
1301 1598 1369 1648 ut,
1396 1599 1626 1646 quantum

69 1653 169 1693 sine
205 1653 582 1704 perspicuitatis
619 1653 910 1694 detrimento
955 1657 1038 1694 aut
1075 1655 1353 1706 elegantiae
1396 1656 1511 1695 fieri
1547 1670 1627 1707 po-

68 1714 213 1764 terat,
236 1714 436 1752 verbum
462 1726 483 1753 e
507 1714 652 1753 verbo
678 1714 1044 1765 exprimeretur.
1093 1714 1140 1753 In
1164 1715 1347 1766 plurimis
1373 1718 1507 1755 autem
1532 1717 1624 1767 illis,

68 1785 166 1822 quae
192 1774 374 1812 accurate
393 1772 552 1824 Syriaco
576 1773 680 1814 verti
705 1773 865 1813 omnino
890 1787 969 1814 non
994 1776 1191 1825 poterant,
1216 1775 1427 1815 reddendis
1448 1778 1489 1815 et
1509 1777 1623 1828 quasi

68 1832 353 1872 circumeundis
379 1833 540 1872 eaedem
570 1833 654 1872 fere
678 1846 750 1884 per
775 1846 860 1883 sex,
892 1847 991 1885 quas
1022 1846 1111 1873 cum
1138 1835 1430 1886 exemplaribus
1457 1835 1620 1876 Graecis

67 1892 242 1931 conferre
262 1892 366 1943 licet,
385 1892 585 1933 versiones
604 1906 766 1933 normae
786 1894 1062 1934 observantur.
1078 1915 1126 1921 —
1143 1894 1253 1941 Quae
1271 1895 1314 1934 in
1325 1899 1513 1947 promptu
1529 1899 1623 1936 sunt

67 1952 243 2002 exempla
267 1952 479 2003 proferam.
1196 1953 1200 1957 ’

184 2017 363 2056 Primum
389 2031 478 2057 cum
504 2019 635 2058 status
660 2018 875 2069 emphatici
899 2019 1064 2071 antiqua
1088 2019 1150 2060 vis
1175 2020 1286 2060 nulla
1310 2021 1394 2060 fere
1419 2021 1482 2070 sit,
1509 2022 1624 2061 arti-

66 2077 199 2115 culus
231 2076 439 2117 Graecus
478 2078 708 2129 saepissime
739 2079 797 2118 ita
826 2079 1023 2128 redditur,
1062 2082 1107 2119 ut
1143 2081 1401 2130 vocabulum,
1439 2081 1545 2132 quod
1582 2082 1623 2120 in

66 2137 279 2187 exemplari
298 2135 449 2177 Graeco
474 2138 700 2188 praeposito
720 2139 887 2179 articulo
907 2140 1215 2179 determinatum
1235 2142 1308 2192 est,
1334 2141 1384 2181 ab
1403 2141 1622 2192 interprete

65 2194 165 2245 Syro
190 2196 422 2246 pronomine
452 2198 652 2248 personali
683 2198 827 2237 suffixo
858 2199 1051 2249 iungatur
1076 2212 1166 2239 cum
1200 2200 1279 2240 alio
1309 2201 1468 2240 nomine
1501 2214 1622 2240 enun-

64 2255 174 2304 tiati,
204 2268 373 2306 quocum
403 2257 445 2297 vi
475 2259 517 2296 et
541 2258 738 2297 sententia
763 2259 958 2298 cohaeret.
1007 2259 1201 2309 Exempla
1231 2261 1390 2300 tantum
1421 2273 1502 2300 non
1526 2274 1622 2300 una-

66 2327 245 2366 quaeque
270 2316 494 2355 versionum
519 2317 625 2356 linea
650 2318 890 2368 suppeditat.

180 2385 494 2427 Substantiva
536 2389 802 2438 composita
839 2389 991 2429 Graeca
1028 2393 1099 2430 aut
1143 2391 1390 2441 simplicibus
1430 2390 1618 2444 Syriacis,

63 2457 164 2495 quae
195 2446 277 2485 fere
308 2447 564 2497 respondent,
597 2448 874 2498 exprimuntur
906 2451 978 2488 aut
1011 2450 1195 2490 binorum
1226 2450 1430 2490 nominum
1462 2452 1619 2501 copula-

62 2504 235 2544 tionibus
260 2518 331 2556 per
356 2508 506 2546 statum
532 2509 801 2547 constructum
826 2509 953 2548 factis.
1004 2510 1198 2561 Exempla
1223 2511 1422 2561 congessi,
1453 2521 1545 2549 cum
1570 2511 1618 2551 de

64 2565 170 2603 statu
192 2568 417 2606 constructo
437 2566 528 2605 dixi.
565 2566 643 2605 ma
665 2580 820 2618 quoque
844 2569 923 2608 iam
949 2570 1068 2609 attuli
1076 2564 1148 2623 4⁰4)
1168 2570 1409 2621 paucissima
1427 2571 1618 2622 exempla,

62 2621 104 2661 in
127 2624 272 2674 quibus
299 2625 552 2665 substantiva
577 2625 727 2665 Graeca
758 2640 828 2677 per
854 2639 881 2668 α
905 2629 1150 2679 privativum
1175 2630 1281 2668 facta
1304 2630 1422 2668 iustis
1447 2631 1617 2670 vocabu-

61 2681 190 2722 lorum
214 2685 567 2735 compositionibus
594 2685 644 2725 ad
667 2698 846 2726 normam
867 2688 1029 2739 linguae
1048 2688 1222 2728 Graecae
1248 2689 1503 2728 conformatis
1528 2690 1616 2729 red-

62 2741 220 2782 duntur.

178 2807 432 2849 Adiectiva
467 2810 689 2850 neutrius
725 2812 936 2861 generis,
974 2813 1117 2864 quibus
1158 2812 1300 2852 Graeci
1336 2813 1485 2864 passim
1529 2817 1615 2854 tan-

63 2891 180 2929 quam
210 2880 472 2922 substantivis
503 2882 693 2933 utuntur,
730 2882 895 2932 exprimi
926 2883 1056 2923 solent
1092 2896 1164 2933 per
1197 2884 1491 2925 substantivum
1529 2894 1617 2962 023
