1820 3126
555 95 847 131 Lucubrationes
874 92 1156 140 Syro-Graecae.
1547 91 1630 132 421

76 213 121 253 ir.
146 212 192 251 A.
214 211 253 251 S.
276 211 370 259 191,
393 211 429 259 9,
452 210 517 248 10.
538 228 594 235 -
619 207 799 247 Pertinet
824 207 992 258 denique
1019 207 1069 245 ad
1094 205 1394 245 collocationem
1418 204 1630 244 verborum

76 273 196 312 etiam
220 268 488 310 nominativus
514 267 734 317 absolutus,
758 267 806 306 de
832 266 946 306 cuius
971 266 1012 305 vi
1038 267 1078 304 et
1100 267 1256 316 natura,
1281 278 1331 304 ne
1356 265 1499 314 longus
1524 263 1629 311 fiam,

72 332 250 383 legentes
291 328 426 378 relego
469 327 520 366 ad
556 326 767 367 Noeldekii
804 327 852 366 de
889 325 1152 376 grammatica
1189 325 1354 376 Syriaca
1390 317 1630 374 librum.³⁹⁸)

74 391 172 430 Eius
200 400 296 428 usus
327 386 582 438 parcissimus
614 388 686 426 est.
735 386 929 436 Exempla
960 386 1059 424 haec
1090 385 1240 424 inveni:
1272 384 1396 422 Arist.
1422 382 1470 421 (18
1495 383 1630 421 mund.

73 451 121 490 A.
141 449 180 489 S.
202 449 296 499 135,
313 449 430 496 10s.;
452 447 549 496 144,
565 448 608 494 2,
633 445 754 486 Isocr.
773 446 824 484 ad
843 446 954 484 Dem.
978 444 1023 483 A.
1044 444 1080 483 S.
1107 446 1201 495 170,
1218 445 1285 493 25,
1301 444 1494 493 283171,
1511 443 1563 480 12
1581 455 1629 492 8.,

74 510 266 559 172,10,
295 508 390 555 173,
413 507 450 554 7,
473 508 523 544 11
542 518 585 556 8.,
607 507 672 553 24,
695 507 751 545 30
765 518 810 556 s.;
843 506 938 555 175,
961 506 1033 555 29,
1057 505 1152 554 176,
1174 506 1210 554 6,
1234 506 1285 543 17
1303 516 1350 553 8.,
1375 502 1468 541 Luc.
1489 501 1537 540 de
1558 502 1631 541 cal.

70 568 101 609 Ι.
127 568 166 608 S.
193 569 236 618 2,
259 568 331 617 14,
358 567 401 614 6,
429 568 472 616 7,
504 565 694 604 Themist.
726 565 774 604 de
798 565 891 605 virt.
916 565 946 604 I.
973 563 1010 604 S.
1038 565 1111 613 24,
1139 564 1193 602 18
1209 576 1256 614 8.,
1284 565 1357 613 33,
1386 564 1458 612 17,
1485 563 1558 611 34,
1586 562 1633 612 2,

71 630 137 676 36,
160 629 204 678 6,
230 628 298 676 42,
322 626 394 677 20,
420 626 489 676 47,
509 626 554 675 4,
580 624 686 665 Plut.
706 625 754 664 de
774 637 899 664 exerc.
919 624 965 663 A.
987 623 1025 664 S.
1049 625 1144 671 178,
1169 624 1236 673 22,
1259 624 1331 673 23,
1358 622 1406 661 (18
1431 621 1557 661 cohib.
1583 621 1629 660 ir.

0 698 2 701 ·
72 689 168 738 188,
189 688 261 736 22,
291 686 480 736 189,18;
508 685 603 735 193,
628 686 692 724 11.

188 746 298 785 Haec
329 744 486 795 quidem
520 745 568 783 de
599 745 810 783 verborum
842 744 1015 791 delectu,
1046 743 1230 791 flexione,
1267 741 1536 781 collocatione.
1571 762 1626 767 —

70 805 430 846 Sententiarum
448 805 489 842 in
508 803 738 844 universum
758 817 828 854 pro
848 804 980 843 indole
999 803 1160 853 linguae
1175 801 1362 853 Syriacae
1382 802 1462 840 tria
1480 814 1629 852 genera

69 865 281 917 posuerim.
330 863 550 902 Enuntiata
575 864 660 904 dico
685 864 905 904 verbalia
937 865 978 902 et
1006 862 1270 902 nominalia
1302 863 1344 900 et
1368 861 1500 900 media
1524 861 1630 900 inter

0 950 2 957 =
72 928 237 976 utraque
255 923 387 975 posita
413 936 480 971 ea,
507 937 704 973 quorum
731 923 1012 973 praedicata
1038 923 1265 962 constant
1290 935 1311 961 e
1336 921 1627 971 nominibus,

0 999 1 1012 ³
67 998 169 1036 quae
193 984 271 1036 ipsi
297 982 388 1034 Syri
412 983 633 1034 appellant,
664 983 956 1023 verbalibus.
1006 982 1066 1021 De
1092 981 1309 1021 enuntiatis
1344 981 1626 1020 verbalibus

0 1045 3 1064 ³
71 1058 150 1084 non
175 1045 248 1094 est,
273 1043 378 1094 quod
403 1043 468 1082 1110
493 1042 632 1082 dicam.
682 1042 791 1089 Quae
816 1044 922 1082 enim
947 1042 1099 1082 moneri
1123 1043 1325 1092 poterant,
1351 1054 1398 1080 ea
1423 1041 1551 1091 magis
1576 1042 1626 1080 ad

0 1117 1 1121 ¹
69 1108 197 1144 artem
233 1102 572 1152 interpretationis
611 1105 793 1153 spectant
829 1115 949 1153 quam
980 1102 1032 1140 ad
1065 1114 1191 1152 genus
1232 1100 1438 1141 scribendi.
1490 1100 1628 1146 Quoad

0 1164 3 1196 ἶ
67 1164 209 1203 medii
235 1163 342 1201 illius
367 1161 562 1212 generis
588 1163 796 1202 enuntiata
820 1163 900 1201 iam
919 1162 1183 1201 Hoffmannus

1193 1155 1264 1215 3⁹⁹)
1285 1161 1434 1211 optime
1452 1160 1555 1200 vidit
1580 1173 1627 1200 ea

67 1237 138 1274 per
163 1235 311 1272 omnes,
338 1234 438 1273 quas
463 1223 694 1270 tractamus,
717 1223 919 1262 versiones
945 1222 1071 1261 multo
1092 1234 1180 1260 esse
1206 1221 1323 1260 solito
1343 1221 1626 1271 frequentiora.

65 1283 111 1322 Id
131 1282 235 1333 quod
255 1294 328 1321 suo
348 1282 435 1320 iure
453 1281 515 1320 vir
533 1281 786 1322 doctissimus
805 1282 912 1321 inter
929 1281 1100 1332 vestigia
1120 1281 1370 1331 antiquitatis
1389 1280 1628 1320 numeravit.

0 1371 1 1375 ,
66 1341 218 1393 Copula
242 1341 284 1381 in
308 1341 517 1380 sententiis
543 1341 627 1380 eius
646 1342 804 1392 generis
830 1342 941 1380 nulla
960 1344 1033 1381 est.
1076 1341 1182 1380 Nam
1208 1353 1254 1380 ea
1279 1341 1499 1389 enuntiata,
1525 1353 1627 1390 quae

65 1426 136 1464 per
159 1413 326 1453 verbum
351 1402 441 1461 1005
466 1413 748 1464 interpositum
774 1414 892 1465 fiunt,
919 1413 1172 1469 811-1781118118,
1196 1412 1347 1452 referre
1372 1413 1480 1453 malo
1506 1425 1624 1464 quam

65 1487 159 1536 huc,
190 1483 376 1534 quoniam
409 1470 496 1529 1002
535 1493 614 1519 non
644 1482 729 1519 tam
760 1480 902 1530 copula
935 1481 1010 1528 est,
1050 1492 1170 1530 quam
1207 1479 1359 1517 iustum
1389 1479 1556 1518 verbum
1588 1481 1629 1518 et

64 1550 288 1602 proprium,
324 1551 370 1588 ut
407 1547 514 1598 quod
551 1546 602 1584 ad
639 1545 821 1585 notiones
853 1547 1080 1596 temporum
1109 1544 1386 1595 exprimendas
1418 1544 1628 1595 pertineat.

65 1610 310 1660 Praedicata,
334 1608 375 1646 id
401 1608 507 1658 quod
531 1606 611 1644 iam
636 1605 734 1655 dixi,
761 1605 802 1644 in
827 1605 907 1644 illis
934 1605 1152 1645 enuntiatis
1180 1617 1335 1655 semper
1360 1605 1401 1643 in
1426 1606 1536 1643 statu
1562 1605 1627 1643 ab·

67 1671 199 1710 soluto
224 1669 359 1719 posita
384 1668 488 1707 sunt.
540 1665 662 1704 Cuius
686 1665 788 1715 legis
816 1665 1063 1715 exceptiones
1100 1679 1172 1715 pro
1204 1668 1293 1704 rata
1323 1666 1438 1715 parte
1469 1664 1625 1716 paucis-

66 1731 188 1770 simae
218 1728 405 1768 videntur
435 1726 563 1778 magis
595 1737 683 1764 8888
715 1738 836 1775 quam
865 1738 909 1763 re
939 1737 1035 1764 vera
1066 1727 1168 1764 sunt.
1227 1724 1339 1770 Quod
1374 1724 1478 1763 enim
1505 1725 1629 1765 Arist.

64 1791 113 1829 de
131 1788 264 1827 mund.
285 1787 333 1826 A.
353 1786 390 1825 S.
412 1787 508 1834 136,
530 1787 566 1834 6,
589 1786 663 1836 27,
692 1786 787 1833 137,
809 1786 878 1833 27,
899 1786 954 1824 30
979 1785 1189 1835 participia
1214 1787 1254 1823 et
1273 1784 1397 1823 Arist.
1423 1784 1471 1823 de
1493 1785 1627 1824 mund.

64 1851 110 1888 A.
132 1848 170 1887 S.
192 1849 287 1893 136,
310 1849 383 1898 27,
405 1847 501 1894 138,
522 1847 567 1894 5,
590 1845 686 1894 141,
709 1846 782 1893 17,
802 1844 993 1883 Themist.
1021 1844 1068 1883 de
1094 1844 1186 1884 virt.
1205 1845 1236 1883 I.
1258 1844 1295 1883 S.
1318 1846 1385 1891 17,
1402 1845 1475 1896 10,
1498 1845 1564 1895 18,
1584 1846 1628 1894 3,

67 1911 135 1958 29,
156 1909 229 1956 21,
251 1908 317 1955 32,
341 1907 412 1955 13,
436 1907 502 1952 33,
525 1905 597 1955 18,
620 1905 688 1956 34,
710 1905 782 1955 22,
808 1905 856 1943 (18
881 1904 993 1943 amic.
1022 1905 1090 1953 52,
1112 1906 1186 1953 22,
1209 1906 1276 1952 61,
1299 1905 1343 1956 5,
1369 1903 1463 1942 Luc.
1485 1904 1533 1942 de
1557 1905 1629 1943 cal.

63 1969 95 2008 I.
123 1967 159 2007 S.
189 1968 263 2017 13,
292 1967 364 2014 18,
385 1967 458 2016 20,
484 1965 590 2003 Plut.
614 1965 663 2003 de
689 1976 814 2004 exerc.
838 1963 888 2003 A.
914 1963 952 2003 S.
980 1965 1082 2016 180,
1111 1965 1183 2014 17,
1212 1966 1313 2012 183,
1342 1965 1414 2016 23,
1444 1965 1546 2013 186,
1574 1966 1629 2003 20

64 2026 272 2075 adiectiva,
300 2038 400 2076 quae
425 2026 468 2064 in
491 2037 657 2063 numero
682 2024 887 2062 nominum
911 2023 1136 2063 verbalium
1162 2026 1267 2073 sunt,
1293 2024 1563 2074 praedicativa
1588 2025 1629 2063 in

65 2088 175 2127 statu
201 2085 424 2136 emphatico
450 2087 670 2135 ponuntur,
701 2083 848 2123 amissa
877 2083 918 2123 vi
950 2085 990 2122 et
1022 2086 1168 2123 natura
1199 2084 1353 2123 verbali
1384 2084 1503 2133 plane
1535 2084 1627 2123 sub-

65 2146 330 2186 stantivorum
367 2145 495 2183 instar
532 2143 773 2183 adhibentur
812 2143 1074 2194 integraeque
1111 2144 1334 2182 sententiae
1371 2143 1520 2183 inserto
1559 2146 1630 2182 aut

64 2209 143 2265 kl
168 2217 234 2257 vel
258 2224 333 2262 00,
360 2217 431 2255 aut
455 2215 576 2255 verbo
602 2205 692 2264 100,
718 2215 756 2254 in
785 2215 948 2255 tertium
973 2216 1038 2255 vel
1056 2216 1231 2267 primum
1251 2228 1376 2267 genus
1405 2217 1626 2255 transeunt.

65 2288 112 2328 In
137 2300 257 2328 causa
282 2287 386 2327 solet
411 2299 498 2327 esse
524 2288 595 2326 aut
620 2286 729 2326 aliud
753 2300 908 2338 nomen,
935 2288 1041 2339 quod
1063 2300 1135 2338 pro
1155 2287 1384 2339 praedicato
1405 2287 1629 2327 adhibitum

65 2348 116 2388 ad
140 2347 304 2387 tertium
328 2359 455 2398 genus
482 2347 773 2386 sententiarum
803 2348 993 2398 pertinet,
1026 2360 1117 2387 cum
1147 2348 1305 2386 nomine
1340 2347 1491 2387 verbali
1522 2348 1628 2387 iunc-

66 2402 230 2460 tum400)
250 2408 323 2446 aut
342 2407 565 2457 exemplum
586 2406 779 2446 Graecum
797 2407 857 2446 ita
876 2409 1160 2458 comparatum,
1179 2410 1227 2446 ut
1245 2407 1487 2447 adiectivum
1507 2408 1628 2446 inter-

64 2467 170 2519 preti
188 2467 289 2518 Syro
309 2466 552 2506 substantivi
571 2468 755 2506 naturam
775 2467 1029 2517 occupavisse
1049 2461 1346 2517 videretur.4⁰¹)
1369 2488 1424 2494 -
1446 2467 1627 2506 Tertium

65 2527 232 2578 denique
269 2539 396 2577 genus
434 2527 590 2565 constat
626 2538 674 2565 ex
710 2526 945 2577 enuntiatis,
989 2539 1091 2578 quae
1134 2527 1295 2578 proprie
1333 2527 1410 2566 dici
1447 2530 1628 2577 possunt,

65 2586 403 2627 nominalibus.
451 2585 686 2624 Pmedicata
717 2598 872 2637 semper
902 2587 945 2626 in
971 2589 1079 2626 statu
1111 2586 1335 2636 emphatico
1365 2586 1498 2637 posita
1524 2589 1627 2626 sunt.

68 2645 219 2697 Copula
251 2645 368 2685 modo
399 2658 471 2696 per
502 2657 720 2695 pronomen
749 2646 892 2686 tertiae
926 2659 1119 2696 personae
1150 2646 1380 2685 absolutum
1412 2646 1528 2685 modo
1559 2659 1630 2696 per

68 2702 148 2759 kl
184 2710 482 2763 pronominibus
514 2710 792 2762 personalibus
825 2712 979 2752 suffixis
1009 2713 1246 2752 instructum
1279 2712 1414 2763 modo,
1451 2712 1492 2750 id
1524 2713 1628 2762 quod

69 2775 391 2827 antiquissimum
411 2777 473 2815 est
499 2776 722 2815 structurae
741 2789 883 2828 genus,
909 2779 1020 2817 nulla
1046 2778 1204 2817 omnino
1222 2777 1277 2816 fit.
1322 2778 1516 2828 Exempla
1540 2791 1628 2827 per-

69 2835 200 2876 tinent
224 2835 275 2875 ad
298 2836 468 2886 primam
495 2835 667 2886 speciem
693 2848 740 2875 ex
764 2836 888 2877 Arist.
915 2838 963 2876 de
989 2837 1120 2876 mund.
1150 2838 1193 2885 8,
1219 2849 1268 2876 ex
1292 2836 1412 2877 Isocr.
1439 2837 1490 2876 ad
1514 2837 1628 2875 Dem.

72 2895 139 2945 32,
165 2908 213 2936 ex
231 2895 326 2936 Luc.
345 2895 393 2935 de
412 2896 484 2936 cal.
507 2896 573 2944 13,
599 2908 646 2934 ex
667 2895 856 2936 Themist.
882 2897 930 2937 de
949 2897 1040 2937 virt.
1061 2898 1131 2948 41,
1156 2909 1203 2935 ex
1223 2896 1414 2936 Themist.
1440 2897 1489 2936 de
1515 2897 1626 2935 amic.
