1820 3126
229 145 314 188 428
842 149 883 184 A.
910 149 1145 185 Baumstark:

229 263 276 303 A.
303 264 338 303 S.
363 266 456 315 156,
480 266 543 315 12,
562 267 625 316 13,
649 260 786 315 per&
813 263 920 327 rm
944 279 1029 305 cum
1055 265 1245 305 infinitivo
1271 265 1389 304 Arist.
1415 266 1462 304 de
1486 265 1617 304 mund.
1645 265 1692 304 A.
1717 265 1754 304 S.
1818 306 1820 308 ,

230 335 405 385 146,16,
430 348 498 384 per
523 344 539 386 2
570 331 670 396 ’.λλ
693 348 781 375 cum
805 336 1032 386 imperfecto
1057 338 1175 376 Isocr.
1199 337 1249 375 ad
1274 336 1383 376 Dem.
1409 336 1455 375 A.
1480 335 1517 374 S.
1546 337 1639 385 176,
1661 337 1725 375 13.

343 412 399 450 De
432 411 612 462 Syntaxi,
650 426 766 463 quam
797 414 934 453 Graeci
965 415 1184 465 appellant,
1220 413 1295 453 nisi
1334 412 1432 451 illud
1468 411 1530 450 hic
1566 423 1642 450 non
1677 424 1753 450 mo-

225 470 392 508 nuerim:
414 471 673 510 orationem
695 472 932 522 obliquam
951 486 974 510 a
994 473 1092 523 Syro
1111 485 1180 522 pro
1201 472 1383 511 universa
1400 470 1634 520 linguarum,
1658 482 1754 519 quas

226 529 496 567 consuevimus
535 529 680 578 dicere,
717 529 985 569 Semiticarum
1016 531 1056 568 in
1094 533 1239 570 rectam
1277 529 1459 568 converti.
1525 528 1631 566 Haec
1672 528 1754 566 fere

225 586 428 635 habebam,
454 600 553 636 quae
578 589 802 627 summatim
826 590 873 627 de
899 590 955 627 eis
980 590 1074 628 locis
1100 589 1278 636 dicerem,
1303 587 1381 637 ubi,
1411 588 1453 625 ut
1470 586 1587 636 paulo
1607 587 1754 625 maiore

223 645 383 683 licentia
408 647 623 685 orationem
649 647 837 686 Graecam
861 647 1136 695 constitueret,
1171 648 1364 697 interpres
1391 646 1548 695 linguae
1574 656 1667 683 suae
1698 644 1753 682 in·

226 704 314 742 dole
340 707 379 742 et
403 706 545 743 natura
570 705 761 744 adductus
786 708 856 744 est.

346 772 495 818 Quibus
514 775 698 823 permulti
717 775 886 824 oppositi
904 778 1006 826 sunt,
1025 775 1094 814 ubi
1107 775 1305 814 commodo
1319 774 1443 824 magis
1463 785 1578 823 quam
1590 773 1754 812 necessi-

229 831 303 869 tati
323 832 453 870 verbis
468 831 625 871 Graecis
644 834 770 871 minus
791 836 970 872 accurate
990 834 1153 872 redditis
1167 834 1477 882 obtemperatum
1491 843 1574 870 esse
1586 831 1751 870 videtur.

222 889 360 940 Neque
391 891 493 928 enim
524 891 564 928 id
597 892 722 930 solum
753 904 823 941 per
852 904 1002 942 omnes,
1033 893 1080 930 de
1111 892 1254 942 quibus
1286 892 1525 941 disputatur,
1556 890 1752 929 versiones

227 949 291 998 agi
315 949 504 1000 videmus,
529 962 577 988 ne
601 950 722 988 nimio
742 950 833 989 fidei
852 950 981 989 studio
1006 950 1046 988 in
1064 951 1251 990 vertendo
1277 951 1412 990 contra
1429 949 1537 999 leges
1563 948 1751 987 sermonis

223 1006 375 1056 Syriaci
395 1010 587 1059 peccetur,
607 1009 674 1046 sed
694 1009 826 1060 etiam,
847 1012 891 1047 ut
910 1009 1126 1048 sententiae
1140 1010 1373 1058 scriptorum
1388 1007 1624 1046 Graecorum
1637 1019 1755 1056 quam

223 1066 390 1104 maxime
416 1066 465 1104 ad
489 1067 718 1116 popularem
743 1067 1045 1116 intelligentiam
1071 1067 1420 1106 accommodentur.
1469 1065 1579 1111 Quod
1604 1066 1648 1103 ut
1673 1065 1752 1104 effi·

223 1126 388 1174 ceretur,
414 1125 528 1163 modo
554 1125 769 1164 sententiae
795 1126 1044 1175 explicandae
1064 1127 1194 1177 gratia
1218 1125 1365 1175 aliquid
1384 1124 1589 1164 videbatur
1613 1122 1754 1162 adden-

222 1182 315 1221 dum
341 1195 445 1232 esse,
476 1184 590 1222 modo
616 1184 788 1222 ubertati
813 1184 983 1222 Graecae
1009 1184 1158 1233 aliquid
1182 1184 1482 1231 detrahendum,
1513 1195 1588 1232 quo
1614 1182 1753 1221 clarior

227 1241 506 1292 dilucidiorque
531 1255 660 1280 rerum
686 1242 876 1292 expositio
901 1243 1023 1293 fieret,
1050 1243 1164 1281 modo
1188 1242 1229 1280 in
1254 1242 1419 1291 singulis
1445 1240 1644 1280 vocabulis
1669 1253 1752 1280 ver-

224 1300 352 1338 tendis
384 1300 546 1338 liberius
577 1302 788 1351 agendum,
826 1300 940 1339 modo
980 1301 1162 1340 universa
1191 1300 1330 1339 Graeci
1360 1299 1591 1348 exemplaris
1627 1299 1752 1338 oratio

223 1358 477 1397 immutanda.
526 1359 674 1397 Iudicio
705 1359 898 1409 adhibito,
937 1362 1127 1409 quantum
1166 1360 1345 1398 universe
1383 1357 1582 1396 aestimari
1611 1358 1753 1406 potest,

221 1416 429 1455 admodum
460 1416 644 1466 prudenti
674 1420 720 1456 et
745 1418 914 1468 sincero,
946 1429 1196 1468 quaecunque
1229 1417 1447 1456 difficiliora
1478 1416 1680 1454 intellectu
1712 1418 1753 1454 et

223 1475 381 1514 duriora
399 1475 485 1515 visa
505 1478 627 1526 erant,
653 1476 942 1527 molliebantur,
967 1476 1147 1525 pluribus
1167 1475 1470 1515 circumibantur
1487 1474 1628 1522 verbis,
1653 1485 1752 1524 quae

221 1534 318 1571 dilui
343 1547 420 1573 non
445 1536 675 1584 potuerant,
707 1536 747 1573 et
772 1535 806 1573 si
831 1535 938 1574 salvo
965 1534 1250 1574 sententiarum
1278 1547 1381 1572 nexu
1404 1533 1566 1584 licebat,
1597 1532 1751 1572 omnino

224 1593 556 1642 opprimebantur.
606 1592 716 1639 Quae
741 1593 858 1631 nimis
883 1593 1056 1632 breviter
1086 1595 1127 1632 et
1151 1593 1315 1642 abrupte
1346 1605 1370 1630 a
1394 1592 1582 1641 scriptore
1606 1590 1752 1629 Graeco

221 1651 447 1701 propositae
474 1664 558 1690 esse
584 1652 832 1702 videbantur,
857 1651 1074 1690 sententiae
1094 1652 1337 1701 explanatius
1363 1653 1403 1689 et
1421 1649 1579 1688 uberius
1599 1660 1753 1687 enarra-

220 1710 376 1749 bantur.
425 1709 622 1750 Orationis
653 1711 884 1760 luminibus,
922 1710 1063 1760 quibus
1099 1710 1280 1760 quodque
1311 1709 1530 1759 exemplum
1561 1707 1751 1747 Graecum

222 1768 451 1807 distinctum
477 1771 574 1819 erat,
599 1771 639 1808 et
664 1769 902 1808 ornamentis
928 1769 1136 1808 verborum
1160 1768 1350 1807 maximus
1375 1768 1426 1806 ab
1447 1768 1660 1816 interprete
1685 1765 1750 1804 de·

218 1827 342 1866 lectus
368 1827 638 1866 adhibebatur.
688 1828 863 1877 Denique
888 1840 966 1866 non
990 1827 1156 1876 puritati
1181 1828 1324 1876 solum,
1356 1827 1424 1865 sed
1450 1825 1567 1864 etiam
1594 1826 1748 1875 elegan-

223 1885 302 1924 tiae
329 1888 368 1925 et
393 1886 545 1935 gratiae
570 1885 752 1937 Syriacae
778 1886 964 1925 orationis
989 1886 1275 1924 consulebatur.

339 1955 472 2006 Atque
501 1957 618 2007 longe
655 1956 812 2006 quidem
849 1956 1090 1995 lenissimum
1126 1955 1410 1994 mutationis
1446 1966 1569 2004 genus
1605 1956 1666 1992 est
1699 1953 1750 2002 id,

221 2015 323 2064 quod
355 2016 535 2054 versatur
566 2015 690 2054 circa
721 2015 912 2065 singula
941 2014 1174 2054 vocabula
1202 2013 1278 2053 vel
1308 2012 1616 2052 brevissimas
1648 2024 1752 2050 ver-

217 2073 381 2113 borum
417 2074 774 2123 complexiones
811 2072 1012 2111 liberius
1056 2071 1371 2121 exprimenda.
1433 2070 1520 2109 Huc
1555 2070 1753 2119 pertinent

218 2132 292 2170 loci
312 2132 433 2171 Arist.
460 2133 507 2170 de
532 2133 662 2170 mund.
688 2132 735 2171 A.
756 2131 793 2171 S.
817 2132 911 2181 135,
931 2133 957 2169 4
972 2143 1013 2180 s.,
1035 2133 1101 2177 11,
1123 2132 1188 2180 17,
1210 2132 1276 2177 20,
1296 2131 1363 2181 25,
1384 2131 1456 2179 28,
1478 2130 1572 2179 136,
1594 2131 1658 2178 11,
1680 2131 1751 2178 17,

220 2191 314 2240 137,
337 2191 373 2241 2,
395 2193 433 2241 7,
455 2192 505 2228 11
523 2192 638 2241 3.,12
654 2203 695 2241 3.,
717 2192 783 2238 23,
805 2191 875 2238 28,
904 2191 998 2239 138,
1018 2191 1062 2238 5,
1086 2191 1156 2237 10,
1179 2189 1343 2239 12,14,
1366 2190 1415 2227 17
1433 2200 1474 2239 s.,
1496 2189 1570 2236 19,
1591 2188 1662 2237 21,
1685 2188 1752 2238 22,

222 2250 289 2299 25,
312 2251 363 2288 27
380 2262 428 2298 s.,
458 2250 552 2297 139,
575 2251 639 2296 12,
662 2251 727 2298 19,
749 2249 816 2298 20,
836 2250 909 2298 29,
938 2249 1031 2295 140,
1051 2248 1096 2297 4,
1117 2249 1160 2297 6,
1182 2249 1204 2286 9
1221 2247 1355 2297 3.,13,
1380 2247 1447 2294 16,
1470 2247 1535 2295 20,
1556 2246 1628 2295 23,
1657 2246 1752 2295 141,

219 2309 256 2355 2,
277 2309 319 2354 6,
340 2308 411 2356 13,
434 2308 504 2355 14,
525 2309 597 2352 24,
620 2309 690 2356 27,
719 2308 819 2357 142,
841 2309 926 2355 23,,
947 2307 1033 2354 33.,
1057 2307 1099 2356 5,
1120 2306 1237 2355 7,13
1254 2318 1300 2352 3.,
1323 2306 1394 2356 18,
1415 2306 1486 2354 20,
1507 2305 1574 2354 22,
1598 2304 1664 2353 23,
1686 2305 1750 2350 24,

219 2367 285 2415 26,
307 2367 378 2414 27,
407 2367 506 2413 143,
529 2367 594 2412 27,
615 2367 688 2414 29,
716 2366 816 2414 144,
837 2367 859 2404 7
877 2377 918 2413 s.,
941 2367 1011 2414 10,
1034 2365 1104 2414 14,
1126 2365 1197 2413 15,
1218 2366 1290 2414 21,
1311 2365 1383 2413 22,
1404 2364 1474 2412 29,
1499 2363 1598 2411 145,
1619 2363 1662 2410 2,
1686 2363 1750 2411 13,

220 2426 284 2474 14,
309 2426 373 2471 16,
395 2425 461 2472 20,
482 2425 553 2472 28,
583 2425 677 2473 146,
697 2425 735 2472 8,
758 2425 822 2472 10,
845 2426 910 2474 11,
932 2425 997 2472 12,
1019 2424 1084 2470 20,
1108 2423 1161 2460 24
1176 2435 1218 2469 s.,
1240 2423 1291 2460 26
1307 2434 1354 2471 3.,
1382 2422 1475 2471 147,
1497 2422 1533 2470 1,
1554 2422 1633 2470 33.,
1654 2422 1690 2467 6,
1713 2421 1749 2467 7,

218 2485 256 2532 8,
279 2485 342 2529 10,
367 2485 431 2532 12,
453 2484 519 2532 13,
541 2484 606 2529 18,
629 2483 693 2528 25,
715 2483 787 2530 26,
810 2483 903 2529 148,
927 2483 962 2527 1,
983 2482 1007 2520 3
1023 2482 1194 2531 3.,103.,
1217 2482 1267 2518 11
1285 2492 1326 2531 3.,
1354 2481 1418 2529 19,
1439 2480 1510 2528 28,
1540 2479 1633 2526 149,
1654 2480 1691 2527 2,
1712 2479 1749 2528 6,

220 2543 286 2590 11,
309 2543 374 2589 14,
396 2542 461 2590 18,
483 2542 554 2591 25,
583 2542 682 2587 150,
704 2541 747 2587 2,
769 2542 810 2588 6,
832 2541 963 2589 7,11,
985 2540 1057 2590 23,
1077 2540 1147 2588 25,
1177 2540 1277 2587 151,
1299 2540 1341 2588 1,
1361 2539 1463 2582 533,
1484 2538 1750 2587 9,152,17,

220 2601 315 2650 153,
339 2600 702 2651 12,28,154,16,
724 2599 789 2646 18,
810 2600 862 2637 26
881 2597 1370 2648 3.,155,8,12,16,24,
1398 2596 1491 2643 156,
1508 2597 1545 2642 5,
1560 2596 1632 2644 20,
1656 2596 1751 2645 157,

219 2659 243 2696 3
261 2659 476 2707 3.,12,13
493 2670 540 2708 s.,
561 2658 634 2707 22,
654 2657 946 2705 29,158,11,
980 2655 1097 2695 Isocr.
1123 2655 1173 2695 ad
1197 2655 1305 2694 Dem.
1331 2655 1378 2692 A.
1405 2653 1441 2692 S.
1471 2654 1569 2702 168,
1598 2655 1662 2700 17,
1684 2654 1750 2701 22,

221 2718 295 2764 23,
325 2718 418 2765 169,
441 2717 475 2762 7,
501 2717 564 2764 12,
587 2717 652 2763 14,
675 2716 739 2764 15,
760 2716 826 2763 21,
849 2715 919 2763 23,
943 2716 1036 2764 170,
1059 2715 1095 2764 2,
1116 2715 1154 2761 3,
1173 2714 1212 2765 4,
1232 2714 1269 2764 5,
1290 2713 1356 2763 12,
1378 2714 1443 2761 15,
1459 2713 1511 2751 25
1527 2724 1568 2762 s.,
1591 2712 1656 2759 28,
1680 2713 1750 2762 30,

223 2776 318 2824 171,
340 2775 404 2819 15,
427 2775 499 2823 23,
529 2775 710 2824 172,16,
731 2774 804 2823 23,
832 2774 926 2822 173,
947 2774 1013 2822 25,
1034 2774 1107 2822 29,
1137 2773 1237 2823 174,
1260 2772 1390 2822 8,11,
1412 2770 1661 2819 12,14,15,
1684 2771 1752 2817 20,

220 2835 273 2872 23
289 2845 330 2880 3.,
352 2834 418 2883 25,
440 2834 511 2882 263
535 2834 630 2879 175,
653 2834 689 2882 5,
712 2833 750 2882 9,
772 2833 826 2870 10
840 2844 882 2881 3.,
903 2832 968 2878 22,
985 2832 1051 2881 25,
1067 2832 1133 2879 27,
1149 2832 1220 2879 28,
1243 2831 1334 2875 176,
1353 2829 1499 2879 12,14,
1514 2829 1579 2878 23,
1595 2829 1661 2877 25,
1676 2828 1750 2877 26,

222 2893 317 2939 177,
339 2893 381 2940 2,
409 2891 501 2930 Luc.
527 2890 574 2930 de
599 2891 668 2930 cal.
693 2890 724 2930 Ι.
746 2890 783 2930 S.
805 2891 840 2938 1,
861 2891 899 2940 3,
918 2891 957 2939 4,
978 2890 1015 2939 5,
1036 2891 1081 2939 8,
1102 2890 1140 2940 2,
1160 2890 1198 2940 4,
1218 2889 1255 2936 6,
1276 2889 1400 2939 9,12,
1421 2888 1492 2938 22,
1513 2888 1551 2938 3,
1571 2888 1608 2935 2,
1623 2888 1661 2935 7,
1677 2887 1750 2936 13,
