1820 3126
206 130 292 175 490
511 130 552 167 A.
578 130 812 167 Baumstark:
837 130 1122 167 Lucubrationes
1147 129 1424 176 Syro-Graecae.

210 255 370 293 prorsus
401 254 478 281 non
503 242 714 292 quadrant,
747 243 929 290 11-13,
957 243 1114 291 18,·19,
1141 243 1206 291 21,
1234 242 1420 291 23-29,
1450 254 1550 292 quae
1574 254 1623 280 ne
1645 241 1735 281 inde

211 302 260 341 ab
297 302 409 339 initio
440 302 479 339 in
505 301 628 339 altero
654 301 850 340 exstitisse
874 303 1075 351 putemus,
1106 313 1150 339 eo
1176 299 1343 339 efficitur
1366 301 1469 349 quod
1494 300 1542 339 de
1566 300 1736 350 parenti-

208 362 282 399 bus
313 361 376 409 pie
409 359 580 399 colendis
610 362 821 410 praecepta
853 360 908 398 ibi
937 359 1050 398 initio
1075 359 1205 408 posita
1229 360 1356 409 erant,
1392 360 1457 408 56,
1484 360 1551 407 57,
1577 360 1643 409 60,
1670 359 1734 406 90,

207 419 313 468 quod
333 431 380 456 ne
399 421 506 457 recte
526 417 721 456 intellexit
739 418 894 468 quidem
913 418 1171 467 interpolator
1189 416 1389 465 Landiani,
1419 418 1630 465 97-136,
1653 418 1733 456 153

209 473 338 528 (Sach.
361 473 445 528 18).
505 476 797 516 Contaminavit
831 477 1027 516 levissime
1064 476 1268 526 utriusque
1304 475 1485 525 fiorilegii
1522 475 1735 514 sententias

208 536 323 574 homo
354 548 517 585 prorsus
550 535 740 575 indoctus.
788 535 984 574 Nimirum
1014 535 1142 573 animo
1167 533 1372 573 constituit
1395 534 1497 572 inter
1522 534 1735 572 sententias

207 594 389 645 florilegii
426 595 526 632 bene
564 593 741 643 dispositi
777 594 991 632 sententias
1027 593 1190 632 alterius
1227 593 1413 642 inserere,
1449 595 1566 641 prout
1597 591 1735 641 cuique

209 654 325 702 aptus
356 653 558 691 videretur
590 664 675 691 esse
705 652 747 691 in
778 653 847 691 illa
877 651 1132 701 dispositione
1157 652 1277 690 locus.
1327 650 1403 689 Sed
1428 663 1514 689 cum
1540 651 1579 688 in
1604 652 1735 689 conta-

206 711 390 749 minando
422 711 596 750 ordinem
625 711 831 761 utriusque
855 710 1037 760 florilegii
1061 709 1331 758 confunderet,
1361 709 1519 756 accidit,
1551 711 1596 747 ut
1620 709 1736 759 locos,

208 770 274 819 qui
306 770 444 819 cuique
476 770 560 820 apti
590 770 772 817 fuissent,
803 769 979 817 singulae
1011 769 1172 806 alterius
1204 767 1384 816 florilegii
1418 767 1634 806 sententiae
1659 778 1737 805 non

205 828 424 866 invenirent
456 830 496 867 et
525 841 614 867 cum
644 841 764 878 prope
798 828 847 866 ad
879 827 994 865 finem
1019 826 1200 876 fiorilegii
1225 826 1274 864 ad
1299 827 1423 864 artem
1449 826 1629 875 dispositi
1652 838 1736 874 per-

205 889 366 926 ventum
391 889 505 936 esset,
529 887 654 925 maior
686 899 777 936 pars
810 886 973 924 alterius
998 885 1117 923 etiam
1142 886 1374 933 superesset.
1422 883 1524 935 Iam,
1556 884 1624 922 ubi
1648 896 1735 933 pec-

205 947 335 984 catum
366 946 539 995 agnovit,
562 946 673 995 prius
699 945 903 984 consilium
927 945 1042 982 homo
1069 943 1282 982 acerrimus
1308 942 1451 981 abiecit
1475 945 1515 980 et
1534 954 1611 991 eas,
1637 954 1759 996 quae·

205 1006 454 1054 supererant,
488 1004 702 1043 sententias
728 1006 888 1053 excepta
911 1003 1050 1041 ultima
1075 1013 1207 1041 omnes
1233 1003 1324 1040 ante
1350 1003 1566 1040 extremum
1590 1001 1738 1050 capitu-

205 1063 287 1100 lum
316 1062 480 1101 alterius
505 1063 684 1113 florilegii
708 1062 856 1112 posuit,
887 1062 1067 1100 ultimam
1092 1061 1257 1110 denique
1281 1060 1322 1097 in
1342 1059 1418 1098 fine
1443 1059 1534 1098 novi
1558 1059 1736 1110 florilegii

209 1121 425 1171 collocavit,
455 1121 524 1159 ubi
549 1122 740 1171 optimum
763 1121 935 1159 habebat
959 1121 1099 1159 locum.

322 1179 429 1225 Quae
466 1180 809 1219 contaminatio
846 1176 1046 1218 lib‘rario
1084 1177 1261 1216 codicis
1298 1189 1408 1216 mus.
1445 1175 1563 1214 Brit.
1596 1177 1735 1215 14658

205 1238 372 1277 deberi
395 1251 487 1277 non
511 1241 681 1287 potest.
721 1238 929 1276 Hominem
947 1237 1050 1276 enim
1068 1237 1286 1275 litteratum
1306 1237 1424 1286 atque
1442 1234 1561 1273 etiam
1580 1234 1738 1273 doctum

207 1297 331 1335 fuisse
357 1297 542 1336 universa
566 1297 707 1336 codicis
731 1297 881 1336 indoles
907 1295 1067 1346 egregia
1091 1295 1341 1342 demonstrat,
1367 1293 1435 1344 qui
1456 1295 1537 1331 tam
1555 1293 1738 1332 miseram

205 1355 472 1394 confusionem
509 1367 706 1405 nunquam
744 1355 960 1394 conficeret.
1014 1353 1080 1392 Ne
1117 1366 1169 1391 ex
1203 1352 1521 1402 chirographo
1552 1352 1739 1401 quidem

186 1414 328 1462 eius,
352 1414 433 1463 qui
457 1414 545 1452 duo
570 1414 822 1464 florilegia
846 1412 1204 1461 contaminavit,
1239 1412 1455 1450 sententiae
1478 1410 1736 1449 Menandreae

204 1473 253 1511 in
281 1473 641 1511 celeberrimum
667 1473 871 1512 codicem
897 1472 1251 1511 miscellaneum
1276 1468 1627 1519 transscriptae
1652 1481 1736 1508 esse

206 1531 402 1570 videntur.
453 1531 564 1570 Unus
594 1532 696 1571 enim
721 1533 826 1570 certe
853 1533 892 1569 et
915 1531 949 1569 is
974 1530 1129 1581 quidem
1154 1528 1394 1568 miserrimus
1419 1540 1527 1566 error
1551 1528 1737 1566 contami-

205 1592 384 1629 natorem
414 1589 518 1629 inter
549 1592 589 1629 et
619 1590 825 1628 librarium
856 1589 961 1628 illius
992 1588 1132 1627 codicis
1162 1587 1334 1637 irrepsit.
1381 1585 1536 1624 Scilicet
1559 1587 1600 1624 in
1624 1586 1739 1637 frgm.

203 1647 326 1687 Land.
348 1650 427 1688 131
457 1643 637 1701 (Sachav.
661 1645 733 1702 16)
766 1649 970 1698 antiquam
999 1647 1230 1697 scripturam
1262 1645 1383 1684 fuisse
1414 1646 1541 1694 g⁰zam
1571 1639 1738 1697 („mina-

204 1702 314 1761 tur“)
339 1720 408 1757 pro
428 1709 558 1757 g⁰ram
577 1703 754 1758 („ansam
774 1702 895 1759 dat“),
921 1707 1024 1756 quod
1043 1704 1214 1744 Landius
1235 1717 1282 1743 ex
1305 1703 1460 1754 linguae
1480 1703 1736 1753 Targumicae

203 1779 279 1805 usu
302 1766 555 1815 interpretari
574 1769 735 1805 conatus
756 1768 825 1813 est,
853 1778 874 1804 e
892 1764 1082 1814 florilegio
1102 1763 1343 1802 Sachaviano
1363 1763 1569 1811 comparet.
1612 1761 1736 1812 Atqui

206 1825 324 1864 codex
348 1837 446 1863 mus.
466 1825 565 1864 Brit.
589 1826 728 1864 14658
754 1827 936 1863 exaratus
963 1835 1046 1862 esse
1071 1822 1226 1862 videtur
1252 1821 1404 1860 saeculo
1430 1822 1538 1858 sexto
1560 1822 1736 1859 exeunte.

205 1884 345 1934 Itaque
373 1884 638 1922 contaminata
662 1883 854 1933 florilegia
879 1895 964 1921 esse
987 1881 1209 1932 putaverim
1235 1880 1368 1919 eodem
1390 1879 1546 1918 saeculo
1564 1878 1736 1918 ineunte.

205 1943 342 1992 Neque
377 1955 489 1992 vero,
533 1954 620 1980 cum
657 1942 924 1980 contaminata
959 1941 1068 1990 sunt,
1104 1940 1217 1978 modo
1255 1940 1368 1977 erant
1403 1937 1485 1976 sive
1521 1937 1735 1986 composita

206 2001 287 2039 sive
319 2013 340 2039 e
367 2000 513 2039 Graeco
546 2013 724 2039 sermone
754 2001 964 2050 translata,
996 1999 1178 2050 quoniam
1208 1997 1371 2036 alterius
1402 1995 1557 2034 initium
1587 1996 1666 2034 iam
1690 1995 1736 2046 is,

205 2059 275 2109 qui
298 2059 589 2107 contaminavit,
615 2059 766 2099 invenit
786 2059 981 2097 mutilum.
1025 2057 1186 2096 Summa
1203 2055 1327 2106 igitur
1345 2054 1620 2104 disputationis
1639 2054 1735 2092 haec

205 2121 283 2167 est,
317 2119 421 2157 certe
445 2117 535 2156 iam
561 2118 713 2156 medio
740 2118 930 2157 saeculo
956 2117 1124 2167 quarto
1150 2114 1237 2153 duo
1263 2113 1618 2153 sententiarum
1642 2112 1737 2151 Me-

203 2177 464 2215 nandream
495 2177 743 2226 florilegia
768 2176 964 2226 Syriaca
993 2174 1272 2214 circumlata
1302 2184 1414 2211 esse.
1469 2170 1576 2216 Quae
1601 2173 1735 2209 utrum

206 2236 360 2285 integra
384 2235 432 2273 de
453 2235 610 2273 Graecis
637 2235 922 2284 exemplaribus
946 2233 1140 2272 translata
1163 2232 1310 2270 fuerint
1333 2243 1383 2269 an
1408 2243 1429 2268 e
1454 2229 1632 2268 fabulis
1656 2242 1737 2268 no-

203 2306 286 2333 vae
318 2294 588 2333 comoediae
619 2293 736 2332 totis
762 2293 955 2343 Syriace
979 2292 1133 2332 versis
1158 2291 1354 2340 excerpta,
1378 2301 1457 2327 non
1480 2287 1604 2326 audeo
1629 2291 1734 2326 certo

203 2352 391 2399 iudicare,
425 2364 662 2401 quamquam
693 2352 923 2402 propensior
948 2349 1126 2400 equidem
1152 2361 1237 2388 sum
1263 2361 1325 2398 eo,
1349 2349 1394 2386 ut
1417 2347 1465 2385 de
1489 2346 1654 2395 integris
1680 2346 1735 2384 fa-

204 2411 308 2450 bulis
329 2411 488 2461 Syriaco
513 2410 638 2449 versis
658 2404 837 2460 cogitem.
879 2409 1023 2447 Parum
1044 2408 1146 2447 enim
1164 2407 1320 2446 videtur
1338 2405 1433 2444 mihi
1451 2405 1735 2443 sententiarum

204 2470 454 2520 Syriacarum
477 2469 628 2508 indoles
647 2468 854 2508 convenire
873 2481 959 2506 cum
979 2467 1108 2506 indole
1126 2464 1465 2516 gnomologiorum
1484 2462 1736 2515 Graecorum,

204 2540 304 2578 quae
324 2528 420 2567 adeo
440 2528 566 2577 ipsam
585 2524 766 2566 scaenam
785 2526 961 2565 redolere
980 2526 1160 2576 equidem
1171 2524 1311 2563 nescio.
1347 2522 1543 2571 suspensa
1556 2522 1734 2571 quaestio

205 2589 266 2626 est
289 2587 339 2625 ab
359 2587 495 2635 altera,
520 2598 620 2636 quae
641 2587 702 2624 est
719 2586 768 2624 de
786 2585 1069 2634 antiquissimis
1088 2584 1396 2634 fragmentorum
1412 2580 1735 2620 Menandreorum

205 2645 410 2695 florilegiis
437 2644 607 2684 Graecis.
654 2644 702 2683 In
731 2647 1013 2693 utrumcunque
1041 2644 1194 2693 partem
1218 2639 1511 2687 diiudicabitur,
1543 2638 1647 2677 inter
1671 2639 1736 2678 lit-

205 2707 379 2743 terarum
411 2703 659 2753 Syriacarum
697 2705 948 2741 monumenta
978 2701 1253 2752 antiquissima
1282 2699 1503 2750 fragmenta
1532 2697 1737 2737 Menandri

204 2763 440 2814 singularem
466 2762 595 2801 locum
618 2763 764 2801 tenent.
