1820 3126
531 122 824 160 Lucubrationes
850 120 1132 168 Syro-Graecae.
1521 114 1609 157 425

54 242 229 281 stantiva
252 241 455 290 ponuntur
479 239 552 277 aut
575 235 918 276 substantivorum
952 246 1041 272 cum
1071 232 1156 272 solo
1183 231 1352 271 articulo
1376 230 1609 280 iunguntur,

54 300 220 352 integris
239 298 445 338 sententiis
465 296 645 336 relativis
664 293 887 334 informatis
907 293 1128 332 redduntur
1147 292 1258 331 velut
1274 291 1395 330 Arist.
1411 290 1459 328 de
1473 288 1608 328 mund.

54 361 102 399 A.
123 360 162 399 S.
190 360 285 406 139,
305 360 343 405 4,
364 359 401 406 5,
422 359 496 406 20,
525 357 621 404 140,
643 357 718 405 12,
750 355 843 401 141,
865 355 910 401 2,
940 354 1035 399 142,
1058 353 1129 400 23,
1161 353 1257 401 148,
1282 351 1354 401 18,
1383 350 1480 400 150,
1507 350 1545 398 6,
1566 349 1610 397 9,

58 421 154 467 151,
175 418 431 468 26,153,1,
456 418 548 465 154,
571 417 636 465 13,
658 416 730 463 25,
753 414 847 462 155,
871 414 942 463 16,
970 413 1064 459 156,
1086 413 1130 461 8,
1156 410 1276 450 Isocr.
1303 409 1353 448 ad
1373 409 1483 448 Dem.
1504 408 1550 446 A.
1572 407 1609 446 S.

58 480 153 527 174,
175 479 247 527 15,
267 476 361 515 Luc.
381 477 429 514 de
449 476 522 515 cal.
542 475 572 514 I.
594 474 633 514 S.
657 477 694 526 1,
717 475 790 524 14,
814 473 880 523 15,
895 473 939 523 5,
959 471 1151 510 Themist.
1172 470 1220 509 de
1241 469 1352 509 amic.
1372 468 1403 508 I.
1424 468 1463 508 S.
1483 468 1551 519 50,
1567 469 1610 517 93

57 539 124 587 51,
147 538 219 588 18,
247 538 315 587 54,
343 538 385 586 1,
413 537 480 587 61,
502 537 537 575 9.

172 608 334 648 Verba
358 607 625 657 composita
648 606 883 656 plerumque
903 615 1027 653 aeque
1048 604 1167 652 atque
1188 601 1392 653 simplicia,
1419 613 1444 639 a
1468 598 1612 650 quibus

56 670 175 708 ducta
199 670 309 717 sunt,
340 668 403 706 vel
427 666 560 706 verbis
586 665 759 716 Syriacis
785 663 1030 714 simplicibus
1062 662 1302 710 redduntur,
1336 672 1438 712 quae
1464 657 1612 709 signifi-

58 729 211 768 catione
237 727 463 778 compositis
489 725 648 766 Graecis
674 725 756 764 fere
780 723 1031 774 respondent.
1082 722 1222 772 Neque
1246 734 1340 760 vero
1366 733 1457 759 raro
1482 718 1539 770 fit,
1568 719 1616 757 ut

55 791 201 828 natura
230 788 342 827 verbi
374 786 581 837 compositi
612 785 731 824 etiam
764 783 987 823 accuratius
1019 782 1274 832 exprimatur.
1324 780 1424 819 Tres
1453 777 1612 830 potissi-

57 861 164 887 mum
196 847 522 886 internoscendae
554 847 648 884 sunt
678 844 854 883 rationes
886 841 1140 893 exprimendi.
1201 840 1339 879 Prima
1373 851 1421 879 ea
1453 840 1532 889 est,
1569 838 1616 876 ut

56 907 225 948 verbum
261 907 521 956 compositum
560 905 756 944 Graecum
794 903 946 942 duobus
983 901 1118 941 verbis
1158 900 1404 950 simplicibus
1441 897 1616 950 Syriacis

57 973 179 1013 finitis
211 973 402 1012 reddatur
432 971 515 1010 sive
546 966 785 1008 ἀευνδέτω(
821 968 933 1006 iuxta
963 967 1104 1017 positis
1142 966 1224 1006 sive
1255 979 1327 1016 per
1358 973 1388 1004 ο
1419 963 1616 1014 copulatis

58 1041 170 1079 velut
192 1039 316 1078 Arist.
343 1038 391 1076 de
416 1036 549 1075 mund.
576 1035 623 1075 A.
652 1034 691 1075 S.
720 1035 815 1084 152,
837 1034 909 1082 18,
939 1034 1041 1082 135,
1064 1034 1137 1083 11,
1162 1031 1257 1071 Luc.
1282 1032 1331 1071 de
1358 1031 1429 1070 cal.
1454 1030 1486 1069 Ι.
1513 1028 1551 1068 S.
1579 1031 1617 1080 6,

62 1101 133 1150 19,
161 1101 228 1150 10,
252 1100 318 1148 18,
344 1097 483 1145 altera,
507 1097 554 1134 ut
577 1094 743 1135 verbum
770 1093 953 1144 simpleX,
979 1105 1003 1131 a
1028 1105 1104 1143 quo
1131 1091 1394 1142 compositum
1420 1089 1617 1129 Graecum

58 1160 221 1198 ductum
252 1160 332 1208 est,
369 1156 492 1195 verbo
525 1154 686 1205 Syriace
718 1154 927 1201 reddatur,
964 1151 1269 1203 praepositionis
1302 1150 1476 1190 Graecae
1507 1149 1617 1189 notio

58 1218 266 1269 participio
291 1218 404 1257 velut
422 1215 515 1254 Luc.
536 1215 584 1253 de
604 1214 675 1253 cal.
694 1214 726 1252 I.
747 1213 784 1252 S.
807 1214 874 1262 15,
897 1214 949 1251 17
977 1215 1048 1251 aut
1072 1212 1267 1251 adiectivo
1292 1211 1406 1251 velut
1425 1209 1616 1249 Themist.

61 1280 109 1318 (16
143 1278 254 1318 amic.
279 1277 310 1316 I.
337 1276 374 1315 S.
402 1278 476 1323 57,
504 1276 557 1314 14
590 1276 661 1312 aut
691 1273 880 1313 adverbio
911 1273 1024 1312 velut
1056 1271 1150 1311 Luc.
1183 1272 1232 1310 de
1263 1271 1336 1310 cal.
1367 1270 1398 1310 I.
1425 1269 1462 1309 S.
1491 1271 1563 1318 11,
1592 1270 1616 1308 9

62 1340 143 1388 aut,
169 1350 215 1377 ea
241 1350 342 1388 quae
363 1335 539 1375 omnium
558 1333 769 1373 tritissima
787 1333 890 1373 ratio
911 1334 983 1382 est,
1007 1331 1301 1382 praepositione
1324 1330 1471 1381 iuncta,
1498 1330 1620 1379 prout

59 1399 206 1437 natura
242 1396 462 1435 sententiae
499 1393 694 1444 postulat,
737 1393 819 1432 sive
861 1405 950 1431 eum
990 1392 1149 1431 nomine
1191 1391 1324 1441 aliquo
1366 1389 1618 1429 substantivo

61 1458 145 1497 sive
176 1469 265 1495 cum
295 1455 526 1506 pronomine
557 1453 759 1503 personali
790 1452 932 1492 suffixo
967 1452 1076 1491 velut
1105 1451 1229 1490 Arist.
1263 1450 1312 1489 de
1342 1449 1476 1489 mund.
1505 1449 1552 1488 A.
1580 1448 1618 1487 S.

65 1518 166 1566 138,
192 1518 237 1566 43
267 1516 368 1566 140,
394 1516 483 1565 5s.;
511 1515 613 1564 146,
639 1514 684 1563 4,
712 1513 816 1561 155,
842 1513 887 1561 8,
912 1511 1033 1552 Isocr.
1059 1511 1109 1550 ad
1133 1510 1247 1549 Dem.
1274 1510 1320 1549 A.
1348 1509 1387 1549 S.
1414 1510 1518 1560 168,
1544 1510 1619 1557 30;

64 1578 165 1626 169,
194 1577 266 1626 10,
296 1576 397 1625 175,
424 1575 468 1624 3,
499 1573 620 1613 tertia
651 1573 839 1624 denique,
871 1574 917 1610 ut
947 1572 1069 1611 verbo
1098 1570 1260 1622 Syriaca
1290 1570 1482 1609 reddatur
1511 1568 1620 1608 notio

60 1635 366 1687 praepositionis
393 1633 576 1682 Graecae,
602 1632 715 1672 verbi
740 1631 931 1682 simplicis
951 1630 1095 1670 Graeci
1119 1630 1228 1669 notio
1254 1631 1434 1669 transeat
1457 1629 1499 1668 in
1526 1628 1618 1667 sub-

62 1696 298 1746 stantivum,
336 1694 441 1745 quod
472 1692 764 1743 praepositione
795 1705 885 1731 cum
916 1691 1037 1730 verbo
1069 1690 1232 1742 Syriaco
1264 1690 1475 1741 copulatur
1509 1688 1623 1728 velut

61 1755 181 1795 Isocr.
207 1755 258 1794 ad.
282 1754 394 1793 Dem.
420 1754 467 1792 A.
494 1752 532 1791 S.
559 1754 657 1802 169,
678 1754 715 1791 1.

181 1825 408 1865 clarissime
440 1826 574 1864 autem
598 1823 780 1863 vertendi
805 1823 902 1862 fides
934 1826 975 1862 et
1004 1822 1233 1862 constantia
1265 1822 1397 1861 elucet
1428 1834 1476 1860 ex
1499 1821 1622 1860 inter-

62 1886 286 1936 pretatione
316 1887 581 1935 temporum
611 1884 952 1934 modorumque
983 1882 1120 1923 verbi
1146 1881 1448 1921 Graecorum.
1498 1880 1622 1920 Cuius

64 1947 239 1985 rationes
264 1946 454 1996 legesque
485 1945 604 1995 paulo
635 1943 832 1993 copiosius
860 1943 981 1982 liceat
1004 1942 1255 1981 adumbrare.
1279 1963 1338 1969 —-
1364 1941 1623 1980 Praesenti

65 2005 231 2054 Graeco,
265 2005 347 2044 sive
372 2005 502 2054 prima
527 2004 725 2043 sententia
751 2005 812 2042 est
837 2003 920 2042 sive
945 2005 1072 2053 recta,
1103 2001 1344 2052 respondere
1375 2001 1478 2040 solet
1503 2013 1622 2039 enun-

64 2065 208 2104 tiatum
238 2064 438 2104 nominale
469 2065 540 2102 aut
569 2063 834 2114 participium.
898 2062 1066 2101 Perraro
1098 2074 1169 2112 pro
1201 2063 1291 2100 rata
1320 2062 1437 2112 parte
1473 2061 1624 2099 factum

0 2164 1 2167 ,
66 2128 138 2176 est,
163 2127 210 2163 ut
233 2124 454 2174 perfectum
474 2123 684 2173 interpreti
705 2123 837 2173 aptius
859 2123 1064 2162 videretur
1089 2121 1140 2160 ad
1164 2133 1353 2171 praesens
1373 2124 1532 2171 tempus
1559 2133 1625 2159 ex-

63 2184 324 2235 primendum.
367 2183 560 2232 Exempla
578 2183 711 2222 inveni
730 2183 772 2220 in
791 2182 1000 2221 sententiis
1020 2181 1159 2231 primis
1180 2181 1481 2232 quatuordecim
1498 2180 1624 2219 Arist.

65 2245 112 2282 de
137 2244 271 2283 mund.
295 2243 343 2282 A.
371 2243 411 2281 S.
441 2244 534 2292 135,
557 2243 629 2292 23,
659 2243 754 2292 140,
776 2243 819 2292 3,
849 2243 945 2291 157,
966 2243 1002 2290 1,
1026 2243 1097 2292 16,
1126 2242 1229 2290 158,
1249 2243 1294 2290 4,
1318 2242 1384 2289 14,
1407 2242 1479 2291 15,
1503 2239 1624 2280 Isocr.

0 2302 2 2306 ’
65 2304 114 2342 ad
139 2303 252 2341 Dem.
279 2303 325 2341 A.
351 2302 389 2340 S.
418 2303 519 2352 168,
550 2303 620 2351 11,
649 2303 722 2351 14,
754 2301 847 2341 Luc.
881 2301 928 2340 de
960 2301 1031 2340 cal.
1058 2301 1088 2339 Ι.
1115 2300 1152 2340 S.
1182 2302 1224 2352 1,
1252 2302 1326 2352 12,
1358 2300 1550 2339 Themist.
1576 2299 1625 2338 de

0 2353 11 2418 ᾖε
67 2363 177 2402 amic.
197 2363 227 2402 1.
242 2362 280 2401 s,
294 2363 363 2411 48,
379 2364 416 2412 7,
433 2363 505 2411 15,
526 2362 593 2411 52,
610 2363 681 2412 133
703 2362 769 2409 57,
786 2363 810 2400 2
836 2361 878 2399 in
903 2361 1121 2400 enuntiatis
1146 2360 1266 2400 rectis
1291 2373 1415 2399 unum
1433 2360 1557 2399 Arist
1575 2360 1624 2398 de

66 2422 200 2462 mund.
221 2421 268 2460 A.
285 2421 324 2460 S.
341 2423 437 2471 135,
454 2423 519 2460 28.
565 2421 777 2460 Praeterea
799 2420 840 2459 in
867 2421 1073 2460 sententiis
1098 2420 1216 2459 rectis
1234 2432 1424 2470 praesens
1443 2419 1626 2458 redditur

0 2476 7 2496 ³
65 2481 127 2521 bis
151 2494 223 2532 per
248 2481 536 2532 imperfectum,
561 2492 650 2519 cum
674 2481 715 2518 in
741 2481 948 2519 sententiis
973 2480 1110 2530 primis
1135 2480 1370 2530 imperfecta
1395 2480 1475 2518 sint
1499 2479 1623 2518 Arist.

68 2541 116 2580 de
140 2541 272 2579 mund.
298 2540 347 2579 A.
374 2540 412 2579 S.
442 2541 543 2591 147,
572 2541 644 2590 14;
673 2541 776 2590 175,
804 2541 859 2579 20
885 2542 925 2579 et
948 2553 1020 2590 per
1050 2539 1309 2590 participium
1332 2552 1422 2578 eum
1446 2539 1623 2589 perfecto

67 2613 179 2652 verbi
209 2601 299 2658 100,
330 2613 529 2662 iunctum,
560 2623 650 2649 cum
680 2611 722 2649 in
747 2610 954 2649 sententiis
978 2610 1116 2660 primis
1148 2610 1324 2659 perfecta
1350 2610 1431 2649 sint
1454 2609 1549 2649 Luc.
1576 2609 1626 2649 de

68 2684 140 2723 cal.
162 2683 194 2723 I.
221 2682 258 2722 S.
288 2684 360 2733 10,
389 2683 461 2733 15,
489 2684 553 2722 16.
603 2681 783 2732 Denique
814 2681 855 2720 in
879 2681 1135 2721 describendo
1162 2682 1382 2720 calumniae
1414 2681 1624 2721 simulacro

68 2745 196 2782 totam
219 2755 304 2782 rem
334 2742 453 2781 aliter
483 2744 604 2792 atque
630 2740 799 2791 scriptor
825 2740 997 2780 Graecus
1022 2740 1219 2790 interpres
1246 2740 1369 2791 Syrus
1401 2741 1476 2780 sibi
1504 2741 1624 2780 infor-

70 2803 204 2842 mavit.
267 2800 366 2841 Cum
398 2802 467 2840 ille
499 2801 603 2840 enim
635 2801 851 2850 perfectam
881 2801 1061 2840 tabulam
1092 2799 1225 2839 verbis
1257 2800 1464 2852 depingat,
1499 2800 1624 2850 Syrus

7 2884 18 2891 ··
69 2862 260 2912 pictorem
283 2861 414 2911 ipsum
439 2861 619 2900 tabulam
654 2859 883 2911 pingentem
908 2860 1070 2900 inducit.
1118 2859 1215 2898 Inde
1241 2859 1288 2898 fit
1317 2862 1364 2898 ut
1393 2872 1465 2910 per
1495 2861 1625 2898 totum

6 2947 12 2979 2
70 2921 200 2960 locum
238 2920 466 2971 praesentia
500 2922 691 2971 tanquam
728 2919 961 2970 imperfecta
999 2918 1282 2969 exprimantur.
1331 2919 1398 2958 Im
1406 2933 1431 2969 p
1439 2931 1459 2958 e
1467 2932 1487 2957 r
1495 2919 1514 2957 f
1518 2931 1539 2957 6
1546 2931 1566 2957 c
1575 2920 1591 2957 t
1600 2931 1624 2956 a
