1820 3126
184 122 269 165 476
794 122 834 158 A.
862 121 1098 159 Baumstark:

303 235 339 272 8.
365 231 476 284 „[Et]
498 233 529 272 si
549 233 654 272 filius
672 236 764 272 tuus
786 246 806 272 e
824 233 993 283 pueritia
1012 244 1193 283 egressus
1214 232 1289 272 erit
1307 232 1505 272 modestus
1526 227 1602 285 (=
1616 242 1710 283 χρη-

187 286 300 344 (τόε)
324 293 364 330 et
382 292 548 341 sapiens,
574 291 667 330 doce
686 303 772 330 eam
791 291 1036 341 disciplinam
1061 291 1276 341 sapientiae
1295 286 1367 343 (==
1388 288 1644 340 φιλοεοφίαν
1652 287 1709 342 ‘?)3

186 350 334 399 optima
367 350 469 388 enim
502 350 704 400 disciplina
734 344 808 403 (=
834 347 937 398 αὕτη
969 346 1068 402 γὰρ)
1102 351 1165 389 est
1195 350 1310 388 doctu
1339 349 1485 397 lucida,
1516 349 1638 389 oculis
1669 352 1710 389 et

186 409 322 458 lingua
351 409 477 447 multa
507 403 581 461 (=
613 406 679 447 καὶ
709 407 822 458 δεινὴ
848 403 1016 460 λέγειν).
1078 409 1129 446 Et
1159 408 1191 446 si
1222 407 1324 447 filius
1355 410 1446 447 tuus
1484 421 1505 446 e
1540 407 1710 456 pueritia

186 479 366 517 egressus
390 467 465 505 erit
490 479 632 516 procax
657 469 697 505 et
719 479 887 517 nequam
919 468 959 505 et
983 466 1185 516 impudens
1216 467 1257 505 et
1280 466 1394 505 furax
1418 469 1457 505 et
1481 466 1645 505 mendax
1670 468 1710 505 et

187 528 415 574 contemptu
439 525 591 576 dignus,
617 525 709 564 doce
734 538 823 564 eum
847 525 1057 563 militarem
1077 526 1201 563 artem
1227 526 1267 563 et
1285 525 1453 564 cultrum
1477 526 1517 563 et
1535 523 1710 574 gladium

184 584 224 621 in
249 584 428 622 manibus
454 583 536 622 eius
566 596 667 633 pone
697 586 738 622 et
767 595 927 633 precare
957 583 1004 622 de
1036 596 1098 631 eo,
1129 584 1175 620 ut
1204 583 1426 632 propediem
1454 582 1643 621 moriatur
1669 584 1710 620 et

184 642 402 692 occidatur,
432 654 479 680 ne
505 642 655 680 damnis
681 645 720 680 et
745 642 989 680 detrimentis
1014 641 1120 680 illius
1152 643 1195 679 tu
1228 653 1365 691 pereas
1396 644 1466 679 aut
1489 636 1612 692 (ὥστε
1638 637 1709 693 μὴ)

185 700 236 750 id,
262 701 364 750 quod
389 700 517 739 vultui
543 702 611 739 tuo
637 695 712 753 (=
739 698 820 750 (οὶ)
846 700 1051 749 pulchrum
1082 699 1210 738 visum
1235 699 1321 747 erit,
1345 711 1393 737 ne
1418 696 1608 738 eveniatf‘

301 758 584 809 Fragmentum
608 758 764 799 videtur
788 758 984 808 pertinere
1015 759 1062 796 ad
1089 758 1259 799 alternos
1284 758 1448 796 duorum
1474 770 1610 796 senum
1635 770 1712 797 ser-

183 829 329 856 mones.

302 877 340 915 9.
379 874 514 925 „Oculi
545 876 594 914 ad
624 875 834 914 videndum
870 874 991 913 lucidi
1023 887 1101 913 non
1137 874 1241 912 caeci
1278 874 1372 912 fient
1407 886 1534 924 neque
1563 874 1711 925 lingua,

185 946 286 984 quae
311 934 509 984 sapienter
533 935 665 974 locuta
689 934 774 983 erit,
799 933 918 971 balba
940 930 1042 972 fiet.“

299 993 580 1043 Fragmentum
604 995 766 1043 propter
784 991 946 1030 eandem
965 991 1176 1040 imaginem
1194 990 1411 1030 adhibitam
1435 1002 1459 1029 a
1477 990 1576 1041 Syro
1594 991 1714 1040 priori

182 1052 456 1101 interpositum
481 1054 542 1090 est
565 1052 656 1089 ante
681 1050 800 1090 verba
824 1050 976 1100 „lucida
1001 1045 1156 1088 oculis“.

298 1109 405 1148 Conf.
433 1110 599 1148 Monost.
627 1110 664 1147 2.

300 1170 365 1207 10.
403 1167 563 1218 „Omnis
587 1168 693 1206 filius
717 1167 844 1205 malus
870 1167 1062 1205 moriatur
1086 1179 1155 1205 nec
1179 1163 1324 1205 vivat.“

300 1228 366 1265 11.
403 1227 601 1277 „Mulieris
627 1226 830 1264 adulterae
860 1225 980 1274 pedes
1010 1225 1111 1262 firmi
1142 1237 1220 1263 non
1245 1226 1353 1274 sunt,
1384 1225 1476 1273 quia
1502 1219 1559 1277 (in
1585 1237 1710 1263 exem·

183 1285 287 1334 plari
305 1284 452 1324 Graeco
470 1285 638 1324 fortasse
657 1280 804 1332 καίπερ
822 1284 886 1322 vel
907 1284 1033 1322 solum
1051 1278 1207 1335 partic.)
1232 1284 1369 1322 contra
1392 1282 1577 1321 maritum
1599 1295 1712 1322 suum

183 1344 421 1393 probitatem
447 1341 640 1382 simulat.“

301 1403 365 1442 12.
403 1401 564 1452 „Virum
597 1401 663 1451 qui
695 1412 790 1450 erga
813 1400 1017 1438 mulierem
1043 1397 1189 1449 [suam]
1222 1401 1328 1439 recte
1356 1412 1434 1438 non
1459 1399 1559 1449 agit,
1594 1399 1712 1438 etiam

181 1460 276 1500 deus
303 1457 422 1500 odit.“

300 1518 423 1570 Syrus
449 1518 683 1557 sententiam
707 1518 766 1556 ita
788 1517 961 1567 intelligi
985 1517 1089 1566 vult,
1123 1517 1234 1566 quasi
1257 1518 1393 1555 contra
1417 1516 1604 1554 maritum
1628 1529 1714 1566 per·

181 1578 302 1616 fidum
327 1578 388 1617 sit.
436 1578 482 1616 In
508 1577 684 1627 exemplo
711 1575 878 1623 Graeco,
909 1575 985 1614 nisi
1016 1575 1147 1614 omnia
1177 1588 1239 1614 me
1270 1575 1414 1614 fallunt
1441 1587 1517 1613 non
1542 1574 1710 1613 affirma-

184 1636 330 1675 tionem
350 1636 571 1675 efficiebant
596 1635 663 1674 sed
683 1634 986 1673 exsecrationem
1006 1634 1185 1684 servique
1204 1635 1316 1672 erant
1340 1634 1404 1672 vel
1422 1633 1586 1671 ancillae
1606 1645 1713 1671 eram

182 1696 231 1734 ab
252 1697 426 1734 amatore
447 1695 671 1733 derelictam
691 1693 973 1743 conquerentis.
1018 1691 1125 1731 Conf.
1146 1692 1301 1731 Terent.
1326 1691 1445 1730 Andr.
1465 1705 1502 1732 v.
1523 1693 1605 1731 425
1622 1704 1651 1730 s.
1666 1703 1714 1742 s.;

187 1754 352 1803 Adelph.
378 1767 414 1793 v.
436 1754 530 1792 306.

196 1816 201 1821 ”
304 1813 367 1851 13,
397 1811 587 1862 „Prohibe
606 1811 729 1849 filium
747 1812 859 1849 tuum
884 1822 908 1848 a
934 1809 1170 1848 scortatione
1196 1811 1236 1848 et
1261 1821 1416 1848 servum
1442 1811 1554 1847 tuum
1579 1820 1602 1846 a
1626 1820 1712 1847 con·

185 1870 316 1918 viviis‚
342 1871 434 1920 quia
458 1870 548 1908 inde
572 1869 698 1908 furari
723 1868 920 1907 discitu1·.“

299 1929 434 1967 Verba
457 1928 642 1968 videntur
667 1927 788 1966 fuisse
819 1927 921 1966 senis
950 1926 1157 1966 severioris
1190 1926 1251 1965 vel
1275 1925 1494 1975 paedagogi
1519 1925 1712 1963 mitiorem

185 1991 340 2038 patrem
366 1987 574 2036 hortantis,
597 1986 708 2026 velut
731 1985 902 2024 Demeae
928 1985 1082 2023 Terent.
1109 1984 1274 2034 Adelph.
1301 1997 1336 2022 v.
1357 1985 1407 2023 81
1426 1996 1455 2022 s.
1475 1996 1504 2021 s.

306 2047 371 2085 14.
396 2045 564 2096 „Vinum
583 2045 674 2083 bibe
692 2044 821 2094 quiete
841 2046 881 2082 et
899 2043 1002 2082 inter
1020 2043 1160 2092 pocula
1178 2042 1342 2092 gloriari
1360 2042 1450 2091 noli,
1471 2041 1562 2091 quia
1579 2041 1713 2080 vinum

185 2101 258 2155 (=
274 2101 433 2153 Βάκχος
458 2098 556 2157 γὰρ)
582 2103 678 2142 mite
696 2106 737 2141 et
756 2114 876 2141 suave
900 2097 973 2155 (=
994 2095 1187 2154 λυαῑοεῖ)
1210 2103 1271 2139 est
1295 2102 1346 2152 et,
1371 2100 1589 2151 quicunque
1611 2100 1714 2138 inter

185 2163 328 2213 pocula
352 2163 548 2202 animosus
577 2165 618 2200 et
642 2161 835 2211 gloriosus
859 2160 924 2211 fit,
955 2161 1090 2199 statim
1119 2159 1335 2210 ignominia
1364 2158 1532 2198 afficitur
1563 2160 1603 2197 et
1626 2170 1715 2197 con-

185 2218 410 2261 temnitur.“

305 2282 369 2319 15.
406 2276 629 2330 „[Verum]‚
656 2277 811 2328 quando
836 2277 975 2328 plenus
999 2276 1119 2316 fuerit
1142 2278 1279 2316 venter
1303 2278 1394 2314 tuus
1420 2271 1519 2314 abi.“

306 2340 370 2378 16.
408 2335 615 2390 ‚,[Verum]
635 2348 713 2376 non
731 2337 843 2376 decet
866 2338 906 2376 te
929 2335 1067 2375 edendi
1084 2335 1185 2374 ratio
1204 2335 1363 2374 canibus
1382 2333 1550 2384 propria,
1574 2333 1712 2383 plenus

188 2394 360 2437 venter.“

304 2457 368 2494 17.
407 2454 540 2507 „Duae
564 2466 626 2492 res
651 2454 788 2503 turpes
813 2454 904 2492 sunt
929 2455 968 2491 et
992 2453 1087 2491 haec
1111 2453 1166 2491 eis
1193 2451 1316 2490 amica
1341 2453 1400 2490 est
1427 2446 1500 2502 (==
1525 2446 1594 2489 ἐπὶ
1618 2446 1712 2489 τού-

183 2525 271 2554 τοις
302 2510 443 2562 τρίτον
472 2512 570 2552 conf.
596 2512 724 2551 Plaut.
751 2511 908 2550 Poenul.
932 2525 968 2551 v.
990 2506 1093 2564 898)
1124 2531 1170 2537 —
1204 2531 1253 2537 —
1287 2530 1333 2537 —
1363 2509 1395 2549 si
1419 2509 1556 2559 plenus
1581 2508 1713 2556 fueris,

188 2572 402 2623 ignominia
426 2570 607 2611 afficieris
632 2572 684 2621 et,
710 2570 742 2608 si
767 2570 926 2619 crapula
951 2581 1159 2620 oppressus
1183 2569 1270 2618 eris,
1297 2564 1525 2618 sperneris.“

305 2630 412 2670 Conf.
439 2630 539 2669 Men.
563 2629 638 2679 frg.
666 2629 767 2676 759,
794 2630 894 2678 7793
921 2628 1084 2668 Philem.
1109 2628 1182 2678 frg.
1211 2628 1311 2678 104,
1339 2628 1438 2676 1933
1462 2625 1591 2674 adesp.
1620 2625 1714 2672 106,

182 2691 294 2740 ‘1073
321 2689 448 2728 Plaut.
474 2688 633 2727 Trucul.
657 2701 692 2727 v.
714 2688 792 2727 831
811 2699 858 2737 s.;
884 2687 1036 2738 Alciph.
1062 2699 1120 2736 ep.
1144 2685 1205 2725 m
1225 2687 1291 2724 32.

309 2748 374 2787 18.
412 2744 523 2797 ‚,[Et]
551 2758 663 2785 nemo
689 2748 765 2795 est,
796 2746 864 2795 qui
888 2746 1132 2795 voluptatem
1156 2757 1266 2784 suam
1291 2745 1331 2781 et
1355 2743 1530 2783 ventrem
1555 2744 1714 2780 secutus

188 2806 254 2854 sit,
279 2806 372 2856 quin
398 2806 533 2844 statim
557 2804 768 2857 ignominia
792 2803 988 2843 afficiatur
1012 2806 1053 2843 et
1076 2798 1381 2843 contemnatur.“

311 2864 549 2914 Fragmenta
566 2866 635 2904 aut
652 2862 776 2914 patris
795 2863 858 2902 vel
876 2862 1092 2914 paedagogi
1110 2862 1174 2902 vel
1189 2861 1293 2901 servi
1304 2859 1417 2912 frugi·
1428 2858 1713 2899 adolescentem
