1820 3126
225 139 309 182 506
836 139 879 175 A.
900 139 1132 175 Baumstark:

341 249 419 280 359.
446 244 639 280 Hoffmann
663 244 688 281 l.
707 245 742 282 l..

343 296 421 327 360.
448 291 599 337 „Neque
624 292 780 328 scribere
801 292 978 327 conantur
994 302 1109 336 neque
1130 291 1261 327 fidibus
1281 294 1444 328 canere.“
1488 293 1588 336 Quae
1606 292 1752 328 medela

228 339 319 375 mihi
351 338 496 374 videtur
526 339 714 383 praestare
746 350 804 383 ea,
836 350 945 383 quam
970 339 1208 374 Hoffmannus
1233 337 1256 374 l
1276 339 1300 374 l.
1326 351 1361 384 p.
1382 342 1426 375 30
1451 338 1656 385 Ρ1οΡ081116.
1703 338 1754 375 Ut

225 391 322 427 enim
356 390 421 427 illo
456 393 602 427 auctore
638 390 838 427 scribamus
869 402 966 443 <nm
998 392 1081 437 post
1111 394 1243 436 mm,
1276 391 1510 428 nihilosecius
1541 391 1693 427 offendit
1714 394 1754 427 ἢ.

225 449 320 485 illud
351 452 430 485 tum
455 449 601 495 quidem
627 448 740 512 plane
761 450 997 495 superfluum,
1029 450 1067 484 in
1094 449 1210 485 altera
1235 450 1439 487 sententiae
1463 451 1567 496 parte
1592 449 1753 495 positum

225 497 263 532 111
288 496 405 532 altera.
431 497 616 531 omissum.
644 516 687 522 —
713 495 814 532 Conf.
840 497 866 532 1.
887 495 922 531 S.
942 499 998 542 34,
1018 500 1080 532 38.

342 547 419 580 361.
445 543 693 579 Hoffmannl.
713 543 737 580 l.
761 554 797 588 p.
819 546 918 578 1230.

340 593 419 626 362.
445 593 570 634 πυλωρ
574 590 618 625 οί.

341 640 419 673 363.
446 639 466 672 ὅ
485 648 526 672 τε
546 637 753 682 φωεφόροε.
769 657 812 662 -
827 635 927 672 Conf.
948 636 1058 672 Arist.
1073 637 1119 672 de
1137 636 1259 673 mund.
1273 636 1314 671 A.
1331 636 1367 673 S.
1384 640 1461 682 137,
1474 641 1535 680 22;
1559 637 1604 673 de
1623 636 1754 672 effectu

223 683 330 719 lunae
356 683 382 718 Ι.
403 683 436 720 S.
460 687 539 728 103,
558 687 578 718 2
604 684 750 729 Ρ8881111.

342 734 419 766 364.
447 732 511 766 ὅεα
535 732 575 766 τ’
599 732 655 775 ἦν.

343 787 420 819 365.
446 783 593 819 Erravit
623 783 720 818 enim
751 781 935 827 Rysselius
953 782 1068 827 1138,
1101 794 1182 818 cum
1216 783 1329 819 verba
1359 783 1497 819 tradita.
1521 782 1573 818 sic
1597 783 1755 819 verteret

226 836 372 880 „besser
404 836 454 871 ist
483 836 542 871 die
568 835 828 881 Bewahrung“.
876 835 1003 879 Neque
1035 835 1131 870 enim
1163 835 1244 880 „die
1270 835 1523 881 Bewahrung“
1553 836 1609 872 est
1635 837 1764 897 Q

226 900 289 935 sed
320 900 466 946 proprie
489 901 789 945 παρακαταθήκη.
837 899 937 935 Conf.
962 898 1041 936 Pes.
1067 899 1115 934 ad
1138 899 1232 936 Tim.
1253 904 1269 935 1
1298 903 1317 943 ἓ
1337 903 1391 935 14.
1439 900 1544 936 Unde
1568 901 1754 946 comparet

224 946 401 983 excidisse
425 947 767 992 interpretationem
790 947 894 982 verbi
916 947 1029 990 τήρει.

341 997 420 1030 366.
446 995 723 1038 ἐπιτηδεύματα.

340 1044 419 1077 367.
445 1041 607 1085 μετρίως.
657 1040 794 1122 Conf44
784 1038 827 1077 A.
849 1039 882 1075 S.
906 1043 983 1084 172,
1003 1043 1057 1076 24.

341 1091 420 1124 368.
445 1088 502 1132 Ry
505 1087 576 1123 ssel
601 1088 668 1124 1.1.
694 1090 794 1133 p.44

339 1138 419 1171 369.
443 1134 688 1171 Hoffmannl.
709 1135 732 1171 l.
758 1147 793 1179 p.
815 1137 915 1170 12.29

338 1185 418 1217 370.
444 1181 546 1217 Conf.
571 1194 606 1227 p.
627 1185 707 1216 426.

339 1236 417 1269 371.
443 1233 498 1269 De
517 1234 701 1269 structura
720 1233 980 1268 vocabulorum
1005 1232 1122 1275 mm
1148 1242 1224 1285 »ρο
1249 1233 1332 1269 vide
1357 1232 1407 1268 sis
1426 1231 1625 1277 Noeldeke,
1650 1231 1753 1268 kurz·

225 1285 385 1332 gefasste
412 1286 580 1332 Syrische
605 1285 834 1321 Grammatik
858 1298 893 1331 p.
914 1288 992 1321 154.

341 1341 420 1373 372.
446 1338 481 1373 οἱ
506 1340 544 1373 δὲ
570 1339 704 1374 αὐτῶν.

339 1394 418 1427 373.
443 1390 572 1436 Neque
603 1390 699 1426 enim
729 1390 911 1436 integram
941 1390 1159 1426 sententiam
1191 1390 1354 1427 efficiunt
1377 1390 1506 1432 ,Q
1528 1392 1620 1436 ιιιώ,
1653 1390 1754 1427 cuius

227 1443 482 1490 praedicatum
506 1444 553 1479 sit
576 1445 667 1488 μδ,
698 1442 882 1479 obiectum
906 1443 1050 1488 hom,
1083 1444 1146 1478 sed
1171 1443 1471 1489 compositionem
1494 1443 1754 1479 vocabulorum

225 1498 363 1533 factam
389 1507 470 1532 eam
494 1509 560 1543 per
589 1498 725 1532 statum
749 1497 1015 1542 constructum,
1045 1496 1084 1532 id
1109 1497 1206 1541 quod
1230 1496 1289 1532 vel
1313 1496 1397 1532 inde
1422 1495 1555 1541 elucet,
1583 1496 1697 1541 quod,
1724 1496 1755 1532 si

223 1551 320 1585 esset
339 1549 567 1586 accusativus
587 1550 731 1594 luam,
751 1551 1035 1584 consentaneum
1053 1550 1134 1585 erat
1152 1559 1235 1585 eum
1255 1560 1368 1595 aeque
1387 1560 1454 1595 per
1473 1551 1513 1584 Q
1531 1549 1750 1585 conformari

225 1605 335 1648 atque
360 1603 478 1647 illum,
503 1603 565 1648 qui
590 1603 766 1647 sequitur,
790 1602 957 1644 1801838..

337 1658 417 1692 374.
443 1657 510 1691 οὐκ
535 1656 692 1691 εὐπετές.

339 1706 418 1738 375.
444 1704 680 1747 θηρεύωνται
704 1703 744 1738 δὲ
767 1704 851 1747 ήμῖν
876 1703 934 1737 καὶ
959 1703 1157 1738 ἁλώεονται
1180 1701 1262 1738 τίνα
1286 1702 1441 1747 τρόπονς

340 1753 420 1784 376.
445 1749 642 1785 Hoffmann
666 1750 690 1785 l.
710 1750 734 1785 l.
758 1762 794 1795 p.
816 1753 915 1785 1232.

339 1800 417 1832 377.
444 1798 487 1831 οὐ
513 1798 575 1832 ξὺν
600 1797 784 1841 ἀλγήδονι.

339 1846 418 1879 378.
444 1843 641 1878 Hoffmann
664 1842 688 1878 l.
710 1844 733 1878 l.
762 1856 796 1889 p.
819 1847 919 1879 1233.

340 1894 418 1926 379.
443 1892 567 1934 ἡγεῖτο
591 1892 662 1934 γὰρ
687 1892 778 1926 εἶναι
801 1891 892 1935 πρὸ(
916 1889 1075 1934 ἑταιρίαν
1099 1891 1221 1935 πολλῷ
1245 1889 1397 1933 κρείττω
1422 1890 1528 1934 φύειν
1553 1890 1667 1933 νόμου
1693 1891 1751 1925 καὶ

224 1937 362 1980 τρόπον
387 1938 526 1980 γένους.

337 1988 416 2066 ἓξὲξ.
441 1984 889 2075 {Jtlruxpiigffimvocabulum
914 2029 1050 2066 servari
1074 2040 1147 2065 non
1170 2040 1277 2075 posse
1294 2027 1499 2064 rectissime
1517 2029 1631 2065 sensit
1650 2029 1750 2065 Hoff-

222 2094 378 2119 mannus
402 2084 427 2118 l.
447 2083 471 2120 1.
496 2096 532 2129 p.
554 2087 641 2119 1232
658 2095 684 2118 8.
734 2083 870 2119 Verum
898 2082 995 2127 quod
1018 2080 1160 2134 Ιὸιοίιι
1183 2081 1263 2133 lgm..
1288 2081 1422 2116 mutari
1445 2079 1564 2125 iubet,
1595 2092 1667 2126 quo
1692 2092 1750 2116 ex-

220 2153 349 2188 pressa
373 2142 448 2177 sint
466 2140 606 2177 Graeca
624 2143 795 2187 ἐπιβουλῇ
815 2145 891 2177 τῶν
908 2142 1028 2186 πέλας,
1055 2151 1098 2176 ea
1116 2139 1208 2176 mihi
1226 2139 1374 2184 quidem
1393 2138 1539 2176 videtur
1557 2150 1634 2175 8888
1651 2139 1749 2175 111860

223 2190 341 2225 1118101·
365 2188 520 2224 audacia.
545 2187 615 2224 viri
640 2188 873 2270 doctissimi.

337 2239 416 2271 382.
442 2234 542 2271 Conf.
567 2235 623 2280 Ry
627 2236 698 2270 8881
717 2234 799 2280 le

336 2286 414 2318 383.
444 2282 545 2318 Conf.
572 2238 1069 2327 Hoffinannpl.1.p..1208s

336 2332 415 2365 384.
442 2328 596 2364 Obviam
627 2331 712 2364 sunt
742 2329 779 2363 in
810 2328 1036 2364 versionibus
1066 2326 1175 2363 Arist.
1207 2326 1253 2362 de
1281 2325 1403 2362 mund.
1427 2326 1536 2362 Isocr.
1569 2326 1616 2361 ad
1642 2325 1745 2363 Dem.

220 2377 346 2412 Them.
366 2375 462 2411 Plut.
487 2386 612 2420 unum,
636 2374 748 2411 Arist.
771 2375 816 2410 de
835 2374 958 2410 mund.
977 2374 1087 2410 Isocr.
1108 2374 1156 2408 ad
1175 2372 1277 2410 Dem.
1298 2373 1424 2410 Them.
1443 2372 1540 2408 Plut.
1561 2373 1605 2408 de
1626 2373 1744 2408 cohib.

218 2425 260 2461 ir.
286 2423 370 2467 duo,
394 2423 504 2459 Arist.
530 2422 575 2457 de
593 2422 715 2457 mund.
736 2422 844 2458 Isocr.
865 2421 914 2458 ad
932 2422 1034 2458 Dem.
1053 2420 1149 2456 Plut.
1171 2420 1297 2455 Them.
1317 2420 1362 2455 de
1380 2419 1465 2456 virt.
1484 2430 1607 2464 unum,
1634 2419 1746 2457 Arist.

220 2471 266 2506 de
295 2469 419 2506 mund.
452 2469 580 2505 Them.
604 2468 711 2505 Isocr.
738 2468 786 2503 ad
809 2468 934 2504 Them.
960 2468 1046 2505 Luc.
1077 2467 1122 2504 de
1153 2467 1220 2503 081.
1252 2477 1381 2511 unum,
1414 2466 1522 2502 Arist.
1555 2466 1600 2502 de
1624 2467 1746 2503 mund.

217 2518 342 2553 Them.
368 2516 464 2552 Plut.
497 2516 542 2551 de
573 2526 688 2552 exerc.
719 2527 847 2560 unum,
878 2515 990 2552 Arist.
1022 2514 1068 2550 de
1097 2513 1220 2549 mund.
1246 2514 1354 2549 Isocr.
1380 2513 1426 2549 ad
1452 2511 1552 2549 Dem.
1590 2513 1676 2549 Luc.
1701 2513 1747 2550 de

220 2565 289 2600 881.
314 2564 412 2599 Plut.
438 2563 482 2598 de
509 2573 623 2599 exerc.
642 2562 770 2598 Them.
795 2562 841 2597 de
866 2563 969 2597 amic.
990 2573 1114 2605 unum,
1138 2560 1264 2596 Them.
1285 2559 1379 2595 Plut.
1398 2559 1443 2595 de
1462 2559 1580 2595 cohib.
1600 2558 1642 2594 ir.
1662 2560 1746 2605 tria,

219 2612 346 2647 Them.
373 2611 457 2646 Luc.
483 2610 528 2645 de
553 2609 620 2645 cal.
646 2621 775 2654 unum,
804 2610 913 2644 Arist.
939 2609 984 2644 de
1008 2608 1132 2644 mund.
1158 2607 1253 2643 Plut.
1278 2618 1407 2652 unum,
1441 2605 1567 2642 Them.
1593 2606 1638 2642 de
1662 2607 1745 2644 virt.

218 2659 305 2694 Luc.
329 2658 375 2692 de
401 2657 469 2692 881.
494 2668 617 2701 unum,
642 2656 768 2692 Them.
794 2655 839 2691 de
864 2656 946 2691 virt.
973 2655 1080 2691 isocr.
1107 2655 1155 2690 ad
1173 2653 1274 2689 Dem.
1300 2635 1572 2698 unum‚'1*hem.
1597 2653 1642 2688 de
1662 2654 1745 2689 virt.

218 2705 313 2740 Plut.
340 2703 385 2739 de
411 2714 526 2741 exerc.
551 2715 682 2748 unum,
709 2703 835 2738 Them.
862 2702 907 2738 de
932 2701 1015 2738 virt.
1040 2701 1136 2738 Plut.
1162 2701 1207 2736 de
1232 2699 1350 2736 cohib.
1376 2699 1418 2735 ir.
1442 2699 1534 2743 tria,
1565 2699 1674 2735 Arist.
1700 2700 1746 2736 de

219 2751 341 2786 mund.
373 2750 500 2787 Them.
525 2750 570 2785 de
596 2729 682 2803 virt?
702 2761 832 2793 unum,
864 2749 949 2784 Luc.
975 2749 1020 2784 de
1046 2747 1113 2784 881.
1138 2747 1233 2783 Ρ1116.
1258 2747 1304 2782 (18
1329 2727 1557 2791 811818.61·18,
1589 2745 1673 2782 Luc.
1700 2746 1745 2783 de

219 2797 287 2834 881.
312 2797 409 2833 Ρ1116.
441 2798 485 2833 (18
517 2796 635 2833 cohib.
667 2796 824 2842 11.(1110,
856 2796 895 2831 iu
919 2797 1074 2841 utraque
1098 2794 1263 2831 versione
1286 2792 1412 2829 Them.
1437 2804 1566 2837 unum,
1595 2792 1634 2828 in
1659 2793 1744 2829 solis

222 2844 449 2881 versionibus
473 2844 584 2880 Arist.
615 2844 659 2879 de
690 2824 824 2879 mund.
845 2842 1110 2888 undetriginta,
1146 2851 1240 2887 quae
1263 2851 1436 2886 magnam
1465 2841 1608 2886 partem
1638 2851 1744 2885 argu·

220 2893 387 2929 mentum
412 2891 498 2927 libri
520 2890 723 2936 respiciunt
746 2889 839 2927 illud
862 2890 909 2925 ab
935 2889 1119 2936 omnibus,
1149 2899 1239 2934 quas
1262 2889 1480 2934 tractamus,
1510 2886 1639 2924 ceteris
1663 2898 1743 2924 ver-
