1820 3126
207 108 293 150 470
820 110 861 145 A.
884 109 1099 146 Baumstark
1107 122 1118 144 :

330 219 362 254 V
389 220 481 265 184,
502 220 554 259 25
581 218 660 257 lbb.
688 218 773 258 Grr.
799 216 937 268 φίλοι(
964 241 1015 247 -
1041 241 1089 247 -
1117 241 1164 247 -
1194 220 1383 267 γονεῦειν
1426 222 1451 260 S
1477 222 1582 261 τοῖς.
1600 219 1739 272 φίλοις
1816 242 1820 255 -

218 299 262 303 -
294 299 341 303 -
370 298 417 303 -
440 277 528 316 τοῖς
552 277 743 324 γονεῦειν
768 272 846 331 (ita
869 279 1007 328 corrig.
1033 292 1079 316 ex
1104 278 1163 328 τῷ
1187 277 1299 326 γένει
1325 280 1423 319 cons.
1444 277 1598 331 p.469)
1610 276 1693 332 ⁸²²),

339 335 391 373 VI
415 337 506 381 185,
529 337 584 374 20
602 335 680 374 lbb.
701 335 787 374 Grr.
807 332 918 384 ὄψιν,
939 333 1083 387 χρόαν,
1105 333 1286 386 βάδιεμα,
1305 337 1466 388 φωνήν,
1492 339 1518 376 S
1543 336 1593 378 οὐ
1613 336 1743 387 μόνον

213 390 364 441 χρόαν,
397 389 505 432 ἀλλὰ
536 391 602 432 καὶ
635 393 786 443 φωνὴν
816 392 881 433 καὶ
915 391 1085 444 βάδιεμα
1117 392 1181 433 καὶ
1213 390 1324 444 ὄψιν.
1374 396 1480 435 Conf.
1511 410 1609 447 quae
1641 397 1743 436 infra

214 453 398 520 legnuntur
423 449 475 490 οὐ
500 448 631 499 μόνον
658 449 762 491 ἰδεῖν
788 448 930 500 ἄγριος
956 451 1021 492 καὶ
1046 449 1238 502 ἀεθενήε,
1268 450 1376 493 ἀλλὰ
1399 452 1465 493 καὶ
1490 453 1639 503 φωνὴν
1664 451 1740 494 ἀπ-

211 510 288 558 ηνῆ
316 508 381 549 καὶ
406 510 605 558 τραχεῖαν
630 506 778 559 ἀφιείς.
785 505 856 564 ⁸²⁸)

329 567 383 606 XI
405 570 499 618 197,
521 570 543 607 7
567 568 602 606 D
622 570 662 607 et
681 568 762 608 cod.
782 569 917 618 colleg.
938 582 1024 608 nov.
1045 568 1166 609 Oxon.
1188 570 1268 610 233
1290 565 1484 619 ὁρμοῡειν
1502 571 1644 621 reliqui
1662 571 1742 610 lbb.

212 626 299 664 Grr.
326 623 507 674 ὁρμῶειν
551 626 576 664 S
602 621 988 680 κατηγοροῦειν8ἳ4),

327 683 383 722 XI
406 686 500 735 197,
523 687 573 725 19
601 685 636 723 D
662 688 702 724 et
720 687 802 724 cod.
822 686 1008 736 Xylandr.
1029 683 1186 734 χαίρειν
1211 683 1481 735 κολάζοντας,
1506 683 1596 726 εἶτα
1621 698 1742 736 μετα-

217 742 333 781 νοεῖν
359 743 503 794 reliqui
523 744 601 782 lbb.
622 742 707 782 Gir.
729 741 899 792 χαίρειν.
925 740 1178 783 κολάζοντα(
1203 742 1249 784 δὲ
1275 745 1495 794 μετανοεῖν
1535 745 1561 783 S
1586 743 1744 794 χαίρειν

214 797 482 851 κολάζοντας,
507 798 762 841 κολάεανταε
788 800 834 841 δὲ
861 797 1171 853 μετανοεῖν.8”5)

688 943 724 981 5.
766 944 1000 981 Lectiones
1031 944 1267 983 Galeneae.

213 1023 246 1062 Ι.
266 1022 303 1061 S.
329 1036 365 1072 p.
387 1023 440 1062 68
456 1035 485 1062 s.
505 1036 534 1061 s.
562 1023 599 1061 Z.
620 1023 666 1061 D.
688 1024 739 1062 M.
759 1022 804 1062 G.
829 1024 903 1063 vol.
925 1024 977 1062 39
1005 1037 1041 1073 p.
1064 1025 1144 1063 237
1161 1036 1189 1062 s.
1210 1036 1240 1063 s.
1284 1023 1434 1062 Claudii
1461 1023 1600 1063 Galeni
1626 1037 1745 1075 opera

296 1081 436 1120 omnia.
474 1082 695 1120 Editionem
715 1082 867 1120 curavit
886 1081 927 1120 C.
948 1081 993 1120 G.
1012 1081 1142 1120 Kuhn.
1181 1082 1337 1132 Lipsiae
1360 1084 1597 1122 1821—33.
1631 1084 1707 1123 vol.
1726 1084 1746 1122 I

292 1140 477 1237 {8363}
494 1141 639 1238 sslgsssci
655 1153 683 1178 s.
704 1152 733 1178 s.
759 1140 834 1179 vol.
855 1140 911 1178 VI
929 1154 966 1190 p.
983 1142 1066 1179 643
1084 1152 1113 1179 s.
1146 1141 1220 1179 vol.
1239 1141 1296 1179 XI
1320 1154 1355 1190 p.
1374 1143 1454 1180 789
1470 1154 1498 1180 s.
1513 1154 1541 1180 s.
1573 1142 1649 1181 vol.
1659 1142 1746 1192 XII,

361 1227 381 1245 .,
464 1229 474 1248 ,
632 1230 635 1235 1

336 1267 556 1306 Plurimum
574 1281 619 1306 ex
634 1268 822 1315 omnibus,
843 1280 939 1317 quas
955 1268 1116 1318 Sergius
1129 1268 1378 1308 Resarnensis
1392 1269 1573 1321 condidit,
1591 1273 1748 1320 praeter

212 1326 263 1364 Di
274 1326 403 1376 onysii
414 1326 679 1376 Areopagitae
695 1327 1058 1376 interpretationem
1077 1327 1320 1366 versiones
1341 1326 1507 1367 Galeni
1525 1327 1746 1379 Syriacas

219 1386 525 1424 consentaneum
551 1387 612 1423 est
635 1397 748 1434 posse
779 1385 828 1423 ad
854 1385 1122 1434 castigandam
1147 1385 1322 1425 codicum
1347 1385 1583 1425 Graecorum
1606 1400 1747 1426 memo-

221 1443 322 1482 riam
347 1443 533 1482 conferre.
582 1442 700 1481 Liber
724 1443 845 1494 enim,
877 1443 939 1482 cui
962 1444 1039 1482 iam
1065 1444 1114 1482 ab
1136 1444 1242 1494 ipso,
1273 1444 1339 1494 qui
1364 1445 1518 1484 scholae
1543 1446 1631 1484 usui
1658 1458 1746 1484 con-

221 1502 406 1552 cinnavit,
431 1501 630 1541 Posidonii
649 1501 769 1540 Stoici
793 1514 977 1552 magnam
995 1505 1147 1551 partem
1169 1505 1361 1541 sectatore
1386 1504 1642 1542 clarissimum
1661 1504 1747 1542 Ari-

219 1560 374 1599 stotelis
393 1572 534 1598 nomen
554 1560 784 1610 inscriptum
805 1572 889 1599 esse
907 1561 1140 1611 putaverim,
1164 1558 1259 1609 περὶ
1280 1557 1433 1609 κόεμου
1459 1574 1574 1611 quam
1594 1565 1746 1601 mature

212 1632 284 1669 pro
317 1619 489 1668 epitoma
513 1619 718 1658 universae
743 1618 896 1657 divinae
922 1619 1191 1668 naturalisque
1217 1619 1401 1658 scientiae
1427 1620 1561 1658 haberi
1586 1623 1746 1670 coeptus

215 1678 278 1728 sit,
298 1678 363 1716 vel
380 1678 578 1716 versiones
598 1677 740 1715 Latina
752 1677 897 1726 Apulei
916 1679 956 1716 et
969 1672 1278 1730 Armeniaoaffl)
1297 1677 1482 1717 indicant.
1511 1677 1608 1717 Eius
1622 1679 1747 1729 Sergii

213 1737 458 1786 temporibus
495 1736 573 1774 iam
610 1736 676 1773 diu
713 1736 842 1774 varias
879 1736 1120 1775 recensiones
1158 1736 1403 1775 circumlatas
1441 1748 1524 1775 esse
1560 1749 1747 1787 perquam

211 1794 297 1833 veri
317 1796 379 1832 est
405 1794 542 1833 simile.
586 1794 646 1832 Ne
671 1794 879 1832 admodum
903 1795 1099 1844 integrum
1124 1794 1279 1844 quidem
1298 1795 1501 1844 probabile
1525 1797 1586 1834 est
1603 1796 1747 1834 librum

214 1853 404 1891 traditum
437 1865 541 1902 esse,
576 1853 642 1902 qui
673 1853 846 1891 omnium
874 1853 957 1891 fere
980 1853 1020 1891 in
1051 1852 1230 1891 manibus
1261 1854 1375 1892 esset.
1430 1852 1612 1892 Isocratis
1643 1866 1747 1905 vero,

211 1924 314 1961 quae
339 1912 484 1963 fertur,
507 1911 696 1950 orationis
721 1907 985 1949 recensionem
1011 1912 1061 1950 ab
1085 1924 1148 1961 ea,
1173 1923 1271 1960 quae
1295 1912 1336 1949 in
1360 1911 1556 1950 codicibus
1581 1912 1746 1951 servatis

211 1972 290 2020 est,
330 1982 492 2019 prorsus
529 1970 723 2009 diversam
754 1968 934 2019 Sergium
965 1970 1164 2008 lectitasse
1195 1971 1302 2008 certo
1333 1970 1642 2008 demonstratum
1674 1973 1744 2008 est.

215 2028 378 2066 Luciani
397 2028 580 2079 denique,
599 2027 818 2074 Themistii,
843 2028 1045 2066 Plutarchi
1063 2027 1285 2066 libellorum
1303 2028 1546 2078 aliorumque
1571 2028 1744 2067 eiusdem

210 2087 387 2138 generiS,
427 2087 492 2136 qui
527 2087 603 2125 toti
635 2088 888 2125 versarentur
919 2087 959 2124 in
991 2086 1210 2135 praeceptis
1242 2086 1471 2136 prudentiae
1509 2086 1746 2137 virtutisque

215 2158 352 2194 parum
382 2145 465 2183 illis
491 2144 725 2184 sublimibus
751 2145 1004 2195 inculcandis,
1035 2144 1263 2194 apographa
1291 2146 1385 2182 tunc
1414 2145 1602 2194 temporis
1634 2145 1744 2184 nobis

212 2203 466 2242 informemus
497 2203 589 2242 licet
612 2203 782 2253 plurima
805 2204 845 2241 in
871 2204 1020 2242 oriente
1045 2203 1273 2242 circumlata
1291 2214 1376 2241 esse
1400 2203 1745 2252 neglegentissime

210 2262 373 2311 scripta,
405 2263 451 2300 ut
482 2275 582 2311 quae
614 2262 718 2300 vitae
743 2261 834 2300 usui
862 2262 988 2310 magis
1019 2261 1217 2299 destinata
1241 2261 1389 2311 essent,
1421 2273 1537 2311 quam
1561 2274 1743 2311 praecep-

212 2324 341 2359 torum
371 2320 521 2359 scriniis
548 2323 618 2359 aut
643 2320 893 2359 delectationi
920 2320 1196 2358 litteratorum.
1240 2318 1385 2358 Contra
1413 2319 1645 2368 scriptorum
1665 2319 1742 2358 Ga-

210 2379 411 2417 leneorum
445 2390 562 2428 quam
595 2378 937 2427 praestantissima
966 2378 1194 2429 apographa
1229 2377 1412 2416 habuisse
1442 2389 1530 2416 eum
1559 2381 1742 2427 putemus

211 2439 382 2487 oportet,
420 2436 489 2487 qui
513 2436 771 2475 Alexandriae
797 2436 875 2474 illis
900 2436 1142 2494 temporibus
1167 2436 1320 2474 litteras
1344 2435 1567 2486 perdidicit,
1600 2436 1741 2486 quibus

211 2498 403 2545 quantum
427 2495 484 2533 ibi
507 2495 629 2533 fuerit
655 2494 853 2533 hominum
879 2484 1088 2533 doctorum
1114 2499 1155 2533 et
1178 2506 1294 2545 quam
1320 2493 1524 2533 fecundum
1551 2494 1741 2533 librorum

213 2554 245 2592 (¹
248 2554 353 2592 alem
372 2552 701 2619 castigandorum,
716 2553 1052 2602 recensendorum,
1073 2553 1377 2591 enarrandorum
1391 2552 1563 2591 studium
1583 2565 1603 2591 e
1623 2553 1739 2602 scrip-

212 2614 341 2651 torum
355 2612 532 2651 Arabum
547 2610 760 2651 verissimis
774 2611 1007 2650 testimoniis
1029 2613 1237 2661 comparet.
1246 2604 1317 2663 85⁹⁷)
1354 2610 1526 2660 Accedit,
1546 2613 1590 2649 ut
1608 2623 1741 2650 eorum

211 2670 401 2709 librorum
426 2672 660 2720 argumenta
689 2681 807 2719 quam
837 2669 1004 2708 maxime
1029 2669 1164 2719 Sergio
1200 2671 1294 2707 nota
1324 2670 1364 2707 et
1388 2671 1556 2707 tractata
1586 2669 1741 2708 fuerint.

211 2729 402 2779 Denique,
429 2733 472 2766 ut
497 2729 620 2767 multo
646 2727 863 2767 accuratius
884 2727 1055 2766 Galenea
1080 2730 1120 2766 et
1144 2727 1268 2778 magis
1293 2727 1342 2766 ad
1367 2727 1530 2766 verbum
1554 2730 1737 2779 verteret,

210 2799 328 2836 quam
357 2787 446 2826 illos
477 2786 525 2826 de
556 2785 818 2836 philosophia,
856 2786 889 2824 si
919 2786 1119 2836 appellare
1150 2786 1209 2825 fas
1240 2787 1316 2835 est,
1353 2784 1524 2836 libellos,
1556 2797 1619 2824 res
1649 2786 1736 2835 ipsa

208 2845 371 2885 ferebat.
425 2844 498 2884 Sed
532 2844 741 2884 dolendum
771 2846 833 2884 est
861 2844 1045 2895 plurima,
1076 2856 1174 2895 quae
1204 2843 1252 2882 ad
1284 2843 1413 2882 studia
1443 2842 1613 2884 Galenea
1642 2856 1728 2894 per-
