1820 3126
225 164 311 205 444
834 166 877 202 A.
903 166 1139 204 Baumstark:

229 275 394 314 adhibiti
431 276 663 325 scripturam
700 277 915 327 sequimur,
953 277 994 317 in
1029 290 1128 317 nexu
1168 279 1448 317 sententiarum
1485 279 1748 330 sermonisque

224 334 412 382 persimili
445 335 571 372 solum
601 335 846 385 participium
878 336 1048 386 positum
1075 331 1228 390 ost-'²25),
1261 338 1361 387 quod
1386 340 1517 377 autem
1542 337 1748 377 omittebat

228 392 303 430 XII
324 394 347 430 2
375 390 443 431 ἐπὶ
468 390 566 431 τοὺς
591 389 908 442 ἀνταγωνιετάε,
934 395 1076 434 collato
1100 394 1285 434 Isocratis
1311 396 1411 444 loco,
1445 408 1559 446 quem
1584 396 1750 446 scriptor

225 451 410 489 orationis
430 451 687 490 Demoniceae
712 452 888 491 imitatus
915 465 998 492 esse
1017 453 1181 501 videtur,
1210 454 1356 492 scilicet
1374 454 1517 493 Nicocl.
1537 455 1584 492 11
1608 451 1748 494 οὐδενὶ

222 509 308 547 τῶν
345 506 532 557 ἀεκητῶν
568 507 680 548 οὕτω
716 510 910 559 προςήκει
946 509 995 550 τὸ
1032 511 1146 560 εῶμα
1176 508 1397 560 γυμνάζειν
1431 509 1488 550 ὡ(
1518 512 1607 551 τοῖς
1641 513 1747 561 βαει-

223 564 386 606 λεύουει
411 566 486 616 τὴν
512 566 651 616 ψυχὴν
675 566 750 617 τὴν
775 566 925 618 αὑτῶν,
951 570 1019 608 ubi
1044 582 1121 608 non
1146 573 1217 619 est,
1243 570 1346 620 quod
1370 571 1569 609 vocabulis
1589 571 1638 609 ab
1657 583 1747 620 apo-

221 627 373 676 grapho
400 626 587 677 Sergiano
611 628 898 677 praetermissis
923 623 1238 681 respondeat.⁶²⁶)

338 685 475 735 Neque
508 697 616 734 vero,
649 686 825 735 quamvis
857 687 1036 736 egregias
1061 686 1273 735 praebeant
1297 686 1509 735 scripturas
1534 688 1747 737 apographi

224 742 418 792 Sergiani,
458 744 506 781 ad
542 743 861 792 confirmandam,
898 757 1014 793 quam
1052 745 1099 782 de
1133 744 1277 794 duplici
1310 745 1530 783 recensione
1562 745 1748 784 orationis

222 801 480 840 Demoniceae
505 802 726 852 Rysselium
757 805 913 841 secutus
942 803 1145 852 proposui,
1178 803 1436 842 coniecturam
1462 803 1537 842 loci
1561 803 1628 842 isti
1653 804 1747 842 mul-

224 863 307 897 tum
333 860 548 899 conferunt.
596 861 699 898 Nam
723 862 855 910 potest
877 873 947 910 per
973 872 1013 899 se
1038 861 1144 911 fingi,
1170 864 1215 899 ut
1238 862 1407 910 plurima
1426 873 1571 911 eorum,
1597 862 1644 900 de
1663 863 1747 911 qui-

226 918 297 956 bus
323 918 449 967 primo
468 919 685 969 monebam,
710 931 914 969 perperam
932 920 973 957 in
992 920 1216 969 apographo
1237 919 1426 969 Sergiano
1446 919 1590 958 omissa
1608 923 1748 970 essent,

221 976 280 1014 ita
310 989 371 1024 ea,
406 989 505 1026 quae
536 977 668 1027 aliqua
693 990 740 1016 ex
768 981 879 1027 parte
905 980 1086 1028 suspecta
1111 980 1218 1027 sunt,
1251 991 1367 1016 manu
1393 978 1685 1028 interpolatoris
1710 979 1749 1017 in

222 1036 478 1085 archetypum
503 1038 725 1074 nostrorum
751 1036 925 1075 codicum
948 1036 1106 1074 inducta
1130 1048 1225 1075 esse.

336 1093 453 1132 Haud
482 1094 609 1132 minus
640 1106 780 1144 anceps
811 1107 873 1133 res
903 1097 964 1133 est
987 1095 1028 1133 in
1051 1094 1265 1133 iudicandis
1290 1095 1338 1133 iis
1363 1095 1475 1144 locis,
1507 1095 1587 1133 ubi
1611 1095 1749 1144 plura

221 1152 246 1189 S
278 1165 413 1201 quam
443 1153 597 1191 nostri
627 1153 812 1192 codices
843 1153 1034 1192 videtur
1064 1153 1347 1192 exhibuisse.
1403 1153 1464 1191 Ibi
1495 1154 1599 1191 enim
1630 1153 1743 1192 facile

220 1210 361 1260 aliquis
387 1211 461 1249 sibi
486 1211 726 1260 persuaserit
749 1211 940 1250 vocabula
963 1211 1004 1249 in
1030 1211 1055 1250 S
1081 1211 1215 1250 addita
1233 1212 1274 1249 in
1292 1212 1503 1261 archetypo
1524 1213 1745 1250 nostrorum

218 1269 393 1308 codicum
429 1269 680 1319 neglegentia
714 1269 864 1307 librarii
898 1282 983 1308 esse
1017 1270 1177 1321 omissa,
1214 1270 1444 1319 praesertim
1477 1282 1565 1309 cum
1597 1282 1669 1320 per
1705 1283 1746 1309 se

220 1327 434 1376 scripturae
454 1327 642 1367 versionis
665 1327 859 1378 Syriacae,
885 1341 983 1378 quae
1002 1328 1051 1366 ad
1069 1329 1142 1366 hoc
1161 1340 1285 1378 genus
1305 1328 1512 1378 pertinent,
1538 1329 1745 1367 maximam

218 1388 370 1435 partem
389 1386 531 1424 mirum
550 1389 741 1435 quantum
759 1387 1087 1425 commendentur.
1127 1386 1302 1424 Primum
1321 1387 1423 1425 enim
1444 1386 1615 1436 septiens
1636 1399 1745 1426 voca-

219 1444 321 1483 bulis
351 1445 392 1482 in
416 1446 641 1494 apographo
667 1444 794 1494 Sergii
818 1445 960 1483 additis
985 1445 1096 1495 paria
1119 1445 1394 1485 vocabulorum
1420 1445 1643 1484 efficiuntur
1667 1458 1745 1484 non

219 1504 345 1541 solum
370 1503 575 1552 aptissima
600 1504 715 1541 nexui
741 1504 1021 1542 sententiarum
1047 1503 1114 1542 sed
1139 1504 1275 1554 etiam,
1301 1516 1400 1553 quae
1426 1505 1561 1552 aperte
1587 1504 1636 1543 ad
1660 1504 1745 1542 imi-

217 1562 404 1600 tationem
430 1562 624 1611 quandam
648 1561 833 1601 Isocratis
858 1564 1050 1612 spectent:

332 1620 389 1658 VI
410 1622 434 1660 5
460 1620 541 1659 lbb.
565 1620 650 1659 Grr.
677 1619 920 1670 φρονήεεωε
956 1620 982 1659 S
1007 1618 1251 1670 φρονήεεωε
1275 1617 1341 1659 καὶ
1366 1615 1640 1673 διανοίαεὸἳῖ),

333 1679 409 1717 XII
429 1680 453 1718 5
480 1679 559 1717 lbb.
585 1678 672 1717 Grr.
705 1675 1079 1728 ευμβουλευμάτων
1123 1678 1149 1717 S
1175 1675 1444 1728 ἀκουεμάτων
1475 1676 1542 1717 καὶ
1571 1679 1743 1728 ευμβου-

217 1734 434 1786 λευμάτων
477 1731 870 1789 (ευμβουλευμάτων
912 1735 979 1776 καὶ
1015 1733 1294 1785 ἀκουεμάτων.
1350 1737 1448 1776 conf.
1483 1751 1522 1787 p.
1551 1732 1745 1791 441).⁵²⁸)

217 1797 316 1834 conf.
354 1796 470 1835 Isocr.
507 1796 557 1834 ad
587 1796 730 1834 Nicocl.
758 1797 810 1835 49
854 1795 930 1835 τοῦ
967 1794 1042 1844 μὲν
1077 1795 1293 1835 νουθετεῖν
1330 1793 1396 1835 καὶ
1432 1793 1742 1845 ευμβουλεύειν;

216 1854 362 1893 Nicocl.
384 1855 436 1892 13
463 1854 551 1893 wic
575 1850 650 1893 ὑπ’
675 1851 777 1902 ἐμοῦ
803 1854 1135 1903 ευμβουλευθεῖει
1160 1852 1226 1893 καὶ
1245 1854 1550 1902 προεταχθεῑει;
1577 1854 1667 1894 ibid.
1689 1855 1742 1893 47

216 1910 505 1962 (υμβουλεύεω
533 1910 599 1951 καὶ
624 1909 857 1961 προετάξω;
891 1913 1014 1963 Euag.
1036 1914 1088 1952 77
1115 1911 1344 1960 παρακαλῶ
1369 1910 1434 1951 καὶ
1459 1910 1741 1961 ευμβουλεύω;

217 1972 349 2009 Antid.
370 1973 422 2011 95
451 1968 683 2020 εύμβουλον
709 1967 815 2010 εἶναί
840 1982 888 2019 με
908 1969 974 2009 καὶ
999 1967 1261 2017 διδάεκαλον;
1289 1971 1380 2009 ibid.
1398 1972 1479 2010 104
1500 1968 1743 2019 ευμβούλοιε

216 2026 322 2068 εἶναι
357 2027 423 2068 καὶ
457 2026 732 2075 διδαεκάλοιε;
770 2029 861 2068 ibid.
883 2031 963 2069 207
998 2026 1202 2078 εἰρηκέναι
1231 2026 1298 2067 καὶ
1330 2027 1742 2078 ευμβεβουλευκέναι;

214 2088 426 2127 Panathen.
456 2089 537 2126 143
582 2085 837 2137 ευμβούλουε
874 2085 941 2126 καὶ
977 2084 1225 2136 προετάταες
1274 2088 1351 2127 151
1393 2083 1639 2135 προστάται(
1677 2085 1743 2126 καὶ

216 2143 477 2196 ευμβούλοιε;
517 2147 599 2185 264
633 2143 996 2195 (υναπεφαίνοντο
1034 2144 1099 2185 καὶ
1136 2143 1454 2195 ευνεβούλευον;
1493 2145 1662 2196 Philipp.
1689 2146 1741 2184 55

214 2201 279 2243 ὅτι
304 2201 356 2243 ἂν
382 2203 428 2243 εὺ
454 2202 625 2255 κελεύῃ(
650 2203 717 2243 καὶ
742 2202 1030 2256 ευμβουλεύῃε.

333 2262 404 2300 XV
424 2264 450 2301 4
470 2275 499 2302 s.
525 2263 603 2302 lbb.
629 2262 717 2303 Grr.
743 2261 919 2302 εύννουν
957 2263 982 2301 S
1007 2262 1144 2311 πρᾶον
1168 2260 1236 2301 καὶ
1260 2259 1448 2310 εύννουν,
1474 2273 1572 2312 quae
1598 2263 1743 2311 optime

216 2322 464 2371 opponuntur
487 2322 547 2372 τῷ
572 2322 810 2373 εκυθρωπῷ.
849 2322 948 2360 conf.
967 2321 1083 2360 Isocr.
1102 2321 1314 2374 Panathen.
1332 2323 1410 2359 121
1433 2318 1743 2370 φρονιμώτατοι

216 2378 282 2419 καὶ
306 2374 623 2432 πραότατοι.529)

332 2438 423 2476 XXI
445 2439 469 2477 6
494 2438 573 2478 lbb.
593 2438 679 2477 Grr.
705 2434 981 2487 εὐδοκιμήεειε
1018 2438 1044 2476 S
1070 2435 1346 2487 εὐδοκιμήεει(
1370 2435 1436 2476 καὶ
1461 2435 1742 2486 εωφρονήεει(

218 2492 520 2550 (εωφρονήεειε
548 2493 614 2534 καὶ
639 2493 915 2545 εὐδοκιμήεειε
940 2496 1038 2535 conf.
1062 2510 1100 2546 p.
1119 2490 1236 2549 441).
1279 2495 1376 2535 conf.
1401 2495 1637 2544 εωφρονεῑν
1662 2508 1744 2534 ver-

219 2556 311 2594 bum
338 2555 387 2594 ab
412 2555 583 2594 Isocrate
610 2557 841 2604 usurpatum
865 2555 1008 2593 Nicocl.
1029 2556 1101 2604 473
1126 2554 1340 2593 Panathen.
1362 2547 1496 2604 14.⁵⁸⁰)

333 2613 425 2652 XXI
446 2615 468 2652 7
495 2613 573 2652 lbb.
601 2612 688 2652 Grr.
719 2610 961 2662 εὐπορήεειε
999 2612 1025 2650 S
1051 2610 1291 2662 εὐπορήεειε
1321 2610 1386 2650 καὶ
1410 2610 1741 2666 »πλεονεκτήεειο

218 2673 316 2711 conf.
336 2671 605 2711 πλεονεκτεῖν
624 2672 786 2710 verbum
806 2671 1021 2710 adhibitum
1041 2671 1082 2710 in
1101 2671 1274 2711 oratione
1293 2670 1527 2709 Demonicea
1539 2670 1701 2708 XXXIX
1715 2671 1740 2709 4

216 2733 256 2769 et
281 2731 330 2768 ab
356 2730 527 2769 Isocrate
553 2730 718 2779 exempli
742 2730 873 2780 gratia
896 2730 1021 2779 Euag.
1043 2724 1181 2782 11.⁵³¹)

332 2788 445 2827 XXII
467 2790 490 2827 3
517 2789 596 2827 lbb.
621 2788 707 2827 Grr.
732 2784 892 2836 τρόπον
931 2787 957 2826 S
982 2785 1143 2836 τρόπον
1168 2785 1234 2827 καὶ
1258 2783 1403 2835 λόγον,
1434 2798 1550 2836 quam
1575 2787 1739 2836 scriptu-

218 2859 302 2886 ram
334 2847 606 2886 commendant
629 2859 715 2885 cum
747 2858 866 2885 nexus
892 2847 1191 2894 sententiarum,
1222 2857 1322 2896 qnae
1347 2847 1453 2884 totae
1477 2846 1569 2883 sunt
1592 2844 1639 2882 de
1664 2856 1740 2883 ser·

219 2917 333 2945 mone
358 2905 483 2956 magis
511 2917 627 2955 quam
653 2905 700 2944 de
725 2905 910 2956 moribus,
934 2907 1019 2943 tum
1043 2905 1119 2945 duo
1138 2904 1322 2944 Isocratis
1347 2904 1432 2954 loci,
1457 2915 1552 2953 quos
1574 2903 1741 2953 scriptor
