1820 3126
195 128 281 171 392
808 130 850 166 A.
870 130 1103 166 Baumstark:

198 252 390 279 summam
415 238 692 289 disputationis
719 240 970 289 complectar:
995 240 1203 280 Librorum
1229 241 1277 280 de
1301 254 1343 281 re
1366 242 1514 281 rustica
1539 255 1563 281 a
1588 243 1723 293 Sergio

198 298 307 336 Eliae
332 298 413 336 filio
433 298 662 336 Resainensi
683 298 842 348 Syr-iace
867 310 1069 338 versorum
1096 301 1276 339 servatae
1295 303 1385 339 sunt
1403 301 1529 340 altera
1549 314 1595 340 ex
1613 305 1723 351 parte

197 356 367 405 epitoma
384 355 545 406 Syriaca
559 355 816 395 Londinensis
836 357 884 395 ab
904 357 1054 396 incerto
1073 360 1231 396 auctore
1251 359 1402 398 saeculo
1416 359 1497 398 fere
1511 352 1721 411 octavo’²'²)

196 415 321 464 facta,
347 427 393 453 ex
418 415 544 452 altera
568 413 697 453 versio
722 415 890 454 Arabica
913 415 1062 467 Kostae
1087 416 1157 454 filii
1181 416 1321 455 Lucae.
1369 417 1427 455 Ex
1452 418 1512 455 his
1538 418 1722 467 quantum

198 472 283 511 fieri
305 475 447 522 potest,
473 472 692 521 exemplum
713 473 914 521 Graecum,
940 474 1042 524 quod
1062 473 1161 523 Syro
1180 475 1535 526 propositum'erat,
1554 474 1722 514 reficien-

200 532 293 568 dum
320 534 381 570 est
406 530 593 569 adhibitis
618 533 821 579 praeterea
840 531 1070 581 Geoponicis
1091 531 1249 571 Graecis
1268 535 1309 572 et
1326 533 1438 572 libris
1457 532 1633 583 Palladii,
1658 532 1724 583 qui

197 590 368 638 plurima
392 589 515 627 eidem
540 588 639 627 fonti
665 589 816 627 debent.

315 647 400 686 Iam
426 659 518 686 vero
544 647 669 685 oritur
693 648 890 698 quaestio,
917 660 1036 698 quam
1060 649 1236 687 consulto
1261 649 1387 688 adhuc
1411 649 1555 698 distuli,
1579 648 1725 699 gravis-

197 705 305 744 sima.
343 727 400 733 —
439 705 691 744 Cuiusnam
734 707 870 744 erant
904 709 1163 756 praecepta
1198 707 1285 746 illa
1322 707 1375 746 de
1412 707 1726 757 agricultura,

199 775 318 813 quae
344 763 539 814 Sergius
574 776 595 803 e
625 763 792 813 lingua
817 763 997 803 Graeca
1026 765 1072 803 in
1097 764 1334 815 Syriacam
1365 764 1644 804 transtulit?
1669 785 1725 792 —-

197 822 428 860 Vindanii
453 821 671 860 Anatolii
695 822 882 872 Berytii
907 822 1060 873 eclogas
1082 822 1304 873 Georgicas,
1330 836 1426 874 quas
1445 823 1609 862 Photius
1632 823 1726 862 bibl.

201 881 285 919 cod.
308 881 389 920 163
416 880 562 929 laudat,
589 879 850 919 Gemollius
875 894 946 930 pro
970 881 1078 920 fonte
1100 880 1409 932 Geoponicorum
1433 885 1473 919 et
1491 880 1724 920 Graecorum

202 942 242 978 et
273 938 519 989 Syriacorum
552 938 680 977 habet.
691 933 760 991 192)
821 939 904 990 Ego
934 939 1011 978 nisi
1041 939 1258 988 opinionem
1285 939 1450 978 bominis
1476 938 1580 978 docti
1610 951 1723 989 quam

198 997 364 1035 maxime
389 996 638 1046 comprobare
659 1009 747 1039 ,non
777 1009 946 1046 possum.
995 997 1070 1036 Per
1096 1009 1149 1045 se,
1173 998 1312 1048 inquit,
1337 1000 1642 1036 consentaneum
1668 999 1728 1036 est

200 1055 420 1105 Geoponica
445 1054 594 1094 Graeca
618 1057 658 1093 et
683 1054 845 1104 Syriaca
868 1056 995 1094 redire
1020 1056 1067 1094 ad
1094 1068 1192 1105 opus
1217 1057 1265 1094 de
1289 1068 1331 1094 re
1355 1056 1503 1094 rustica
1524 1055 1726 1104 Graecum,

195 1115 297 1164 quod
329 1114 494 1152 saeculis
526 1113 614 1151 inde
646 1126 670 1151 a
694 1116 804 1152 sexto
835 1114 916 1152 fere
946 1126 1069 1163 usque
1102 1114 1151 1152 ad
1183 1114 1373 1152 decimum
1405 1127 1474 1163 pro
1509 1114 1655 1164 optimo
1687 1116 1728 1152 et

199 1172 482 1221 perfectissimo
502 1171 730 1211 habebatur.
773 1172 851 1211 Eas
875 1184 967 1211 vero
992 1172 1112 1210 fuisse
1134 1173 1286 1221 eclogas
1310 1172 1486 1211 Anatolii
1505 1172 1727 1212 testimonio

197 1230 328 1269 Photii
353 1229 534 1269 efficitur.
577 1228 836 1278 Conclusioni,
862 1242 960 1280 quae
985 1230 1074 1268 inde
1099 1230 1182 1269 fieri
1201 1230 1328 1279 debet,
1353 1243 1398 1269 eo
1420 1231 1551 1279 plures
1576 1230 1728 1269 numeri

197 1289 486 1339 probabilitatis
511 1288 720 1335 adduntur,
746 1288 848 1338 quod
867 1288 1086 1337 Geoponica
1105 1287 1255 1327 Graeca
1278 1292 1383 1327 certe
1411 1288 1620 1327 maximam
1641 1301 1727 1338 par-

197 1349 274 1386 tem
303 1347 351 1384 ab
378 1347 561 1384 Anatolio
587 1346 755 1395 pendere
780 1346 1034 1385 manifestum
1059 1348 1119 1385 est
1143 1349 1183 1385 et
1206 1347 1464 1396 exploratum.
1513 1346 1620 1386 Haec
1644 1347 1726 1396 qui-

199 1406 285 1444 dem
308 1404 524 1443 Gemollius
549 1405 702 1454 profert
725 1406 967 1454 argumenta.
1010 1405 1141 1444 Pauca
1158 1404 1256 1443 mihi
1273 1405 1390 1444 liceat
1409 1405 1563 1454 addere,
1588 1404 1728 1454 quibus

200 1464 508 1513 demonstretur,
541 1463 695 1501 etiamsi
727 1463 774 1501 de
800 1463 1107 1512 Geoponicorum
1132 1461 1369 1502 Graecorum
1392 1463 1565 1502 fontibus
1589 1475 1727 1512 parum

199 1523 376 1572 liqueret,
407 1521 479 1560 nisi
506 1534 577 1570 pro
603 1521 782 1560 versione
806 1522 1031 1570 eclogarum
1053 1521 1228 1560 Anatolii
1252 1534 1348 1571 opus
1374 1534 1398 1560 a
1417 1521 1551 1571 Sergio
1570 1521 1729 1572 Syrisce

199 1580 399 1620 conditum
424 1579 560 1618 haberi
584 1592 661 1618 non
686 1591 810 1628 posse.
852 1579 1178 1619 Proficiscendum
1204 1582 1265 1618 est
1287 1592 1311 1618 a
1328 1580 1547 1619 nominibus
1567 1580 1727 1630 scripto-

198 1653 284 1677 rum
310 1639 367 1677 rei
392 1639 561 1677 rusticae
582 1637 829 1687 Graecorum,
855 1650 954 1688 quae
978 1639 1018 1676 in
1044 1637 1256 1687 exemplari
1274 1637 1409 1687 Sergio
1428 1638 1628 1688 proposito
1647 1639 1728 1677 lau·

199 1699 292 1736 data
315 1697 436 1736 fuisse
462 1709 508 1735 ex
531 1696 708 1735 versione
733 1696 880 1748 Kostae
905 1699 946 1735 et
969 1697 1145 1746 epitoma
1168 1695 1406 1735 Londinensi
1430 1696 1563 1747 colligi
1586 1699 1727 1746 potest.

196 1756 364 1795 Laudati
396 1758 507 1794 erant
536 1757 694 1804 praeter
718 1754 961 1793 Herodotum
971 1749 1040 1807 ¹9³)
1057 1786 1067 1803 ,
1098 1754 1312 1794 Homerum
1322 1749 1411 1807 194),
1442 1750 1729 1806 Iulianum190),

197 1813 438 1853 Chaldaeum
479 1813 645 1852 fortasse
658 1807 743 1865 196),
785 1813 1039 1852 Plutarchum
1052 1807 1141 1864 197),
1183 1812 1448 1863 Pythagoram
1459 1807 1545 1866 198),
1588 1813 1728 1863 Vergi-

196 1873 294 1911 lium
304 1867 391 1924 ¹⁹⁹),
423 1873 487 1921 qui
518 1871 594 1910 huc
626 1872 781 1910 omnino
811 1884 887 1911 non
911 1872 1131 1922 pertinent,
1165 1871 1268 1921 quod
1293 1873 1362 1910 aut
1386 1883 1463 1909 non
1489 1870 1635 1910 Graece
1659 1874 1730 1911 aut

198 1931 354 1970 omnino
372 1943 449 1969 non
462 1930 672 1980 separatim
686 1930 734 1968 de
747 1942 789 1968 re
802 1930 950 1968 rustica
964 1929 1214 1979 scripserunt,
1232 1929 1638 1969 Pseudo-Aristoteles
1646 1924 1729 1983 ²⁰⁰),

198 1990 407 2028 Africanus
417 1983 503 2041 201),
535 1982 822 2042 Apuleius²⁰²),
853 1987 1268 2027 Pseudo-Democritus
1277 1982 1365 2040 ²⁰³),
1397 1982 1622 2041 Sotion.2⁰4)
1670 1988 1728 2027 De

197 2048 258 2087 his
289 2047 429 2098 igitur,
465 2059 553 2086 cum
587 2048 784 2086 auctorem
815 2046 943 2095 Sergii
973 2046 1207 2096 requirimus
1221 2076 1231 2095 ,
1267 2046 1432 2096 cogitari
1461 2058 1621 2096 prorsus
1651 2059 1729 2085 non

197 2108 339 2157 potest.
380 2105 517 2155 Neque
542 2118 633 2144 vero
657 2106 783 2155 magis
808 2105 848 2143 in
873 2117 1031 2144 censum
1063 2105 1229 2143 veniunt
1253 2104 1281 2142 ii
1305 2105 1514 2154 scriptores
1538 2105 1595 2143 rei
1612 2105 1730 2144 rusti-

198 2178 264 2204 cae
291 2164 441 2213 Graeci,
469 2164 547 2214 qui,
572 2176 659 2202 cum
684 2163 866 2202 Africano
892 2166 961 2201 aut
988 2163 1154 2212 Apuleio
1183 2164 1316 2202 aetate
1341 2163 1561 2212 superiores
1586 2165 1728 2213 essent,

199 2236 264 2262 eos
294 2223 455 2262 laudare
484 2222 593 2261 nullo
624 2222 737 2261 modo
769 2223 1004 2272 potuerunt,
1038 2219 1196 2260 Cassius
1223 2215 1532 2273 Dionysius²⁰⁵),
1561 2221 1727 2270 Diopha-

197 2276 359 2333 nes²⁰⁶),
390 2274 735 2333 Florentinus207),
759 2280 1005 2329 Pamphilus,
1038 2280 1121 2319 sive
1153 2279 1370 2318 Aristarchi
1394 2281 1564 2318 sectator
1586 2280 1728 2318 intelli-

198 2340 308 2390 gitur
338 2340 420 2378 sive
451 2339 731 2389 grammaticus
765 2339 918 2377 saeculo
952 2351 990 2387 p.
1018 2337 1086 2377 Ch.
1112 2351 1148 2376 n.
1173 2338 1298 2387 primo
1324 2339 1488 2376 exeunte
1512 2332 1697 2376 clarus²⁰⁸
1718 2368 1728 2387 ,

199 2392 482 2449 Paxamus209),
507 2396 686 2442 Quintilii
709 2397 852 2436 fratres
878 2396 1060 2436 consules
1089 2397 1179 2434 anni
1203 2409 1240 2446 p.
1261 2395 1327 2435 Ch.
1347 2409 1383 2435 n.
1406 2397 1483 2435 151
1514 2390 1637 2448 (154)
1646 2391 1697 2416 ²¹⁰
1718 2427 1727 2444 ,

199 2450 524 2508 Tarantinus.²¹¹)
579 2455 867 2504 Supersunt
903 2455 1213 2504 scriptores,
1254 2467 1376 2503 quos
1412 2454 1459 2491 in
1494 2454 1726 2493 manibus

199 2515 355 2564 Sergii
386 2515 534 2553 fuisse
567 2513 812 2563 putaverit
841 2513 1036 2563 aliquis,
1073 2512 1282 2562 quinque
1312 2512 1403 2551 Leo
1433 2506 1552 2565 (sive
1581 2512 1726 2551 Leon-

199 2568 411 2626 tius)²¹²),
441 2572 635 2622 Valens,
671 2572 796 2622 siqui
827 2583 1027 2621 unquam
1059 2565 1250 2624 fuitm),
1280 2570 1553 2621 Anatolius,
1584 2571 1723 2621 Didy-

198 2626 386 2685 mus²¹¹¹),
412 2630 668 2670 Cassianus
690 2630 895 2680 denique
915 2629 1090 2668 Bassus
1110 2629 1374 2676 scholasticus,
1394 2641 1509 2678 quem
1528 2628 1725 2668 diversum

199 2702 285 2730 esse
316 2691 365 2729 ab
397 2702 458 2740 e0,
489 2690 554 2739 qui
586 2681 831 2728 Constantini
864 2687 1225 2738 Porphyrogenneti
1255 2689 1384 2726 aetate
1418 2687 1593 2738 eclogas,
1625 2700 1725 2737 quae

199 2751 368 2788 aetatem
411 2748 602 2797 tulerunt,
645 2746 852 2798 Georgicas
894 2747 1150 2794 contexuerit,
1197 2746 1290 2784 mihi
1332 2745 1487 2795 quidem
1529 2746 1725 2794 persuasit

201 2800 462 2858 ode1·us.²¹⁵)
510 2806 570 2843 Ex
600 2805 661 2844 his
697 2804 864 2844 Valens
896 2804 1050 2854 quidem
1082 2807 1122 2843 et
1152 2804 1242 2843 Leo
1275 2797 1540 2856 (Leontius)
1572 2805 1721 2842 tantam
1766 2829 1769 2834 -

197 2867 301 2905 inter
320 2864 488 2904 Graecos
513 2863 784 2903 auctoritatem
808 2874 1005 2912 nunquam
1031 2865 1123 2901 sunt
1146 2861 1327 2912 assecuti,
1350 2864 1397 2900 ut
1420 2860 1503 2900 veri
1523 2862 1646 2900 simile
1667 2862 1720 2901 sit
