1820 3126
179 154 264 197 478
787 159 827 193 A.
853 156 1089 194 Baumetark:

299 268 364 305 28.
402 264 567 316 „[Quia]
605 280 691 305 cnm
729 270 927 307 senectute
959 268 1160 307 molestiae
1192 269 1402 308 adveniunt
1432 272 1472 308 et
1502 270 1611 309 subit
1640 284 1705 310 eas

183 325 296 362 homo
329 321 402 377 (=
430 322 533 363 ὥστε
566 338 596 364 c.
622 321 743 379 Iam)
781 329 821 364 et
857 326 1064 366 descensus
1102 328 1184 365 eius
1224 327 1263 365 in
1299 329 1518 377 sepulcrum
1557 330 1706 368 damnis

181 380 443 433 ingravatu1·.‘'·

298 440 406 480 Conf.
433 442 530 479 Men.
557 442 627 492 frg.
649 444 744 492 552,
771 444 872 491 5553
900 443 1012 492 Apol.
1033 443 1117 482 Car.
1139 443 1211 492 frg.
1234 445 1305 493 20,
1332 444 1490 484 Philem.
1516 445 1589 493 frg.
1614 446 1706 493 127,

185 501 283 550 128,
310 501 440 548 adesp.
464 501 556 549 132,
580 502 679 550 142,
708 502 870 540 Monost.
893 503 994 551 7453
1020 501 1147 540 Plaut.
1170 502 1268 540 Men.
1289 516 1323 541 v.
1347 503 1427 541 753
1448 515 1477 542 8.
1497 516 1526 541 s.
1553 503 1707 542 Terent.

181 557 334 597 Phorm.
360 571 395 596 v.
417 559 512 607 574,
539 558 638 597 Stat.
664 559 785 598 Plocii
809 560 882 610 frg.
904 561 941 598 9.

299 618 363 655 29.
396 646 416 667 ‚,
427 614 560 666 [Quia]
595 617 697 655 male
731 617 849 656 habet
882 619 941 656 vir
972 612 1047 671 (=
1074 615 1218 666 καίπερ
1250 631 1279 657 o.
1306 614 1444 671 part),
1475 619 1540 668 qui
1570 619 1710 658 cecidit

181 687 306 724 neque
332 675 538 724 quisquam
563 677 678 724 putat
701 676 794 724 fore,
820 677 865 714 ut
889 677 928 713 in
952 677 1070 724 pedes
1096 688 1186 714 suos
1211 677 1380 725 insistat,
1405 679 1445 715 et
1467 678 1597 727 aliqua
1616 678 1712 716 hora

181 745 338 770 manum
370 732 451 771 eius
482 733 688 782 prehendit
719 734 813 772 deus
845 737 886 771 et
916 735 1032 782 erigit
1062 747 1150 772 eum
1182 738 1221 772 et
1253 735 1300 772 ad
1333 736 1497 773 multum
1529 736 1710 774 honorem

182 803 271 829 eum
290 792 478 842 perducit,
504 792 596 842 quia
616 787 690 844 (=
704 786 803 844 γὰρ)
824 804 947 841 neque
967 792 1126 830 divitiae
1146 793 1186 829 in
1204 796 1402 831 aeternum
1425 793 1568 831 durant
1586 806 1710 844 neque

182 862 335 898 semper
363 852 587 899 paupertas.
637 850 816 889 Fortuita
846 851 948 889 enim
979 855 1071 889 sunt
1101 851 1229 889 omnia
1253 850 1323 899 (==
1345 846 1436 889 ἀλλ’
1462 849 1543 890 ἐετὶ
1575 848 1712 890 πάντα

184 908 257 956 τῆ(
282 903 440 960 τύχης).
478 908 567 946 Vidi
594 909 695 947 enim
716 922 815 959 eum,
840 908 907 958 qui
926 909 1122 947 occisurus
1144 910 1239 959 erat,
1265 909 1393 958 ipsum
1412 909 1533 948 occidi
1552 912 1592 948 et
1611 923 1710 959 eum,

182 979 297 1016 quem
317 967 700 1018 comprehenderant,
726 970 769 1005 ut
788 966 1017 1018 occiderent,
1038 968 1157 1006 vitam
1177 967 1362 1016 invenire,
1382 968 1475 1017 quia
1493 980 1619 1017 neque
1639 971 1710 1015 est,

183 1038 299 1074 quem
323 1025 418 1063 deus
444 1026 485 1063 in
510 1027 712 1064 aeternum
738 1025 885 1073 efferat,
910 1037 1046 1076 neque,
1070 1038 1185 1074 quem
1211 1038 1364 1075 semper
1389 1024 1619 1075 deprimat.“

300 1083 430 1122 Fortis
456 1084 634 1122 fortunae
658 1084 864 1132 imperium
882 1083 1108 1133 praedicare
1125 1096 1203 1123 non
1221 1084 1415 1123 desistunt
1433 1087 1572 1133 poetae
1590 1097 1713 1123 novae

186 1142 416 1180 comoediae.
455 1141 563 1180 Conf.
583 1142 684 1180 Men.
703 1142 777 1191 frg.
794 1144 888 1192 291,
908 1143 1005 1189 483,
1025 1143 1126 1192 486,
1154 1142 1316 1180 Philem.
1337 1143 1412 1191 frg.
1427 1143 1508 1181 213
1530 1156 1564 1181 v.
1581 1144 1605 1182 8
1621 1156 1650 1181 s,
1664 1155 1714 1192 s.;

186 1200 331 1249 Diphil.
350 1200 425 1250 frg.
444 1202 536 1251 109,
558 1202 657 1250 118,
683 1200 769 1239 Bol.
788 1201 863 1251 frg.
880 1201 922 1250 1,
948 1199 1076 1238 Posid.
1095 1200 1169 1251 frg.
1185 1201 1256 1251 303
1282 1201 1446 1240 Monost.
1461 1202 1564 1250 495,
1585 1202 1710 1240 Plaut.

183 1258 365 1296 Pseudul.
398 1272 433 1296 v.
461 1260 542 1297 678
563 1271 592 1297 S.
636 1258 809 1307 Alciphr.
842 1271 899 1308 ep.
925 1258 983 1296 III
1003 1260 1076 1297 44:
1115 1256 1240 1297 οὐδὲν
1277 1257 1355 1307 γὰρ
1392 1256 1439 1298 ἐν
1475 1255 1712 1307 ἀνθρώποις

183 1314 345 1365 γνώμη,
378 1315 516 1355 πάντα
547 1315 592 1355 δὲ
624 1314 737 1365 τύχη.
763 1337 820 1343 -
845 1317 907 1354 Ad
933 1319 1146 1355 extremam
1171 1318 1404 1356 sententiam
1429 1319 1525 1356 conf.
1552 1318 1713 1357 Philem.

183 1375 258 1424 frg.
281 1374 381 1425 121,
405 1375 573 1414 Monost.
593 1377 695 1424 489,
722 1375 850 1413 Plaut.
876 1375 1028 1414 Asinar.
1054 1388 1090 1413 v.
1110 1376 1192 1414 323
1215 1388 1245 1414 s.

301 1435 366 1473 30.
399 1431 511 1484 „[Et]
536 1434 569 1472 si
587 1433 759 1472 volueris
779 1434 817 1471 in
839 1434 1128 1472 matrimonium
1149 1433 1288 1472 ducere
1307 1434 1510 1472 mulierem
1529 1434 1712 1484 aliquam,

182 1491 291 1540 prius
323 1493 370 1530 de
402 1492 485 1530 eius
515 1492 650 1542 lingua
682 1491 856 1542 inquiras
882 1494 922 1530 et
945 1494 1028 1530 tum
1053 1505 1137 1530 eam
1163 1490 1308 1531 ducas“
1335 1487 1410 1544 (π
1436 1490 1532 1540 πρὶν
1557 1505 1586 1531 c.
1613 1488 1713 1542 inf.).

299 1549 408 1590 Conf.
426 1550 528 1588 Men.
547 1551 621 1600 frg.
638 1552 718 1589 532
747 1563 780 1589 v.
798 1551 848 1588 12
866 1562 894 1589 s.
918 1570 967 1577 -—
991 1550 1170 1598 Scaenae,
1196 1550 1237 1588 in
1261 1550 1401 1601 quibus
1427 1551 1474 1589 de
1499 1564 1618 1590 uxore
1642 1552 1711 1589 du-

184 1610 305 1647 cenda
331 1609 631 1659 deliberabatur,
658 1609 697 1646 in
723 1609 868 1647 fabulis
893 1621 1017 1648 novae
1042 1609 1263 1648 comoediae
1286 1621 1363 1647 non
1387 1621 1535 1659 paucae
1557 1609 1711 1648 obviam

183 1671 306 1706 erant,
351 1667 459 1706 Conf.
487 1667 585 1706 Men.
611 1667 686 1717 frg.
701 1669 797 1717 532,
817 1668 920 1717 584,
944 1667 1073 1716 adesp.
1091 1669 1192 1718 206,
1216 1667 1344 1706 Plaut.
1362 1667 1451 1707 Aul.
1472 1680 1508 1706 v.
1522 1669 1603 1707 323
1620 1680 1648 1706 s.
1664 1680 1711 1717 s.;

184 1725 338 1766 Terent.
363 1725 528 1775 Adelph.
555 1739 588 1764 v.
611 1727 693 1765 924
714 1738 743 1765 s.
764 1739 793 1764 s.
827 1746 877 1751 —
914 1725 972 1764 De
1004 1726 1210 1764 mulierum
1240 1726 1476 1776 loquacitate
1507 1729 1547 1764 et
1575 1738 1711 1776 garru-

183 1784 299 1823 litate
329 1785 427 1823 conf.
459 1783 658 1822 Plutarch.
690 1784 736 1822 de
767 1796 848 1834 gar.
874 1796 955 1833 cap.
979 1786 1049 1834 11,
1084 1784 1212 1822 Plaut.
1243 1784 1332 1822 Aul.
1360 1798 1394 1823 v.
1416 1785 1516 1834 124,
1553 1784 1709 1823 Lucian.

183 1843 280 1881 rhet.
306 1855 430 1892 praec.
454 1844 525 1881 23:
551 1838 651 1893 ὁρᾷ(
677 1838 740 1880 ὅτι
766 1839 999 1890 λαλίετεραι
1023 1839 1065 1880 αἱ
1089 1843 1297 1889 γυναῖκεες
1325 1843 1488 1880 Tertull.
1514 1843 1561 1881 de
1587 1844 1709 1892 virgg.

180 1901 269 1940 vell.
293 1904 364 1940 17:
389 1902 517 1951 „quod
544 1901 611 1939 uni
636 1901 791 1951 dixeris,
817 1901 995 1939 omnibus
1021 1898 1198 1939 dixeris.“
1223 1921 1271 1927 —
1299 1901 1358 1939 De
1382 1913 1547 1940 uxorum
1572 1913 1709 1950 garru-

182 1959 296 1998 litate
322 1960 452 1998 mariti
477 1961 695 2009 queruntur
719 1959 846 1997 Plaut.
873 1959 977 1998 Trin.
1004 1973 1038 1998 v.
1059 1960 1144 1998 800
1163 1971 1210 2009 s.;
1236 1957 1362 1997 Oasin.
1389 1973 1422 1997 v.
1444 1961 1526 1998 497
1547 1972 1576 1998 s.

298 2020 363 2057 31.
395 2015 561 2069 ‚,[Quia]
595 2018 737 2056 mulier
769 2018 951 2068 linguosa
983 2030 1094 2056 orcus
1131 2017 1226 2056 est.“
1253 2037 1307 2043 —
1334 2015 1450 2067 ‚,[Et]
1486 2018 1548 2056 vir
1580 2018 1706 2056 malus

181 2089 285 2116 mors
312 2075 406 2116 est.“

298 2136 452 2174 Alterni
479 2147 676 2174 sermones
703 2136 794 2173 sunt
819 2135 921 2173 senis
946 2134 1058 2172 uxori
1081 2134 1354 2184 garrulitatem
1379 2135 1418 2172 et
1436 2134 1611 2172 mulieris
1630 2146 1708 2172 ma-

181 2195 257 2233 rito
281 2194 482 2233 lasciviam
506 2194 788 2243 exprobrantis.

299 2254 366 2292 32.
397 2252 547 2302 „Deum
579 2265 732 2301 semper
761 2264 940 2291 reverere
971 2253 1012 2290 et
1041 2251 1078 2289 in
1112 2251 1295 2301 angustia
1325 2253 1394 2289 tua
1423 2263 1510 2289 eum
1541 2250 1708 2300 implora

184 2313 224 2349 et
254 2311 491 2350 auacultabit
521 2311 606 2349 voci
637 2309 752 2349 tuae“
777 2305 851 2362 (==
877 2310 1068 2349 reveritus
1094 2322 1208 2359 spera
1233 2322 1338 2358 eum,
1372 2310 1405 2347 si
1429 2309 1708 2359 imploraveris,

181 2370 495 2409 auscultaturum
519 2381 613 2408 esse.
663 2367 770 2407 Conf.
797 2369 963 2407 Monost.
987 2362 1098 2420 155).

299 2428 406 2467 Conf.
434 2427 595 2466 Philem.
622 2427 695 2477 frg.
720 2427 819 2476 181,
846 2427 1008 2465 Monost.
1032 2427 1126 2476 126,
1155 2427 1248 2464 142.

301 2488 366 2526 33.
398 2485 653 2538 „Moribundo
682 2497 731 2524 ne
758 2484 917 2535 gavisus
949 2485 1019 2532 sis,
1049 2485 1116 2534 qui
1146 2485 1326 2533 moritur,
1357 2483 1448 2534 quia
1477 2495 1609 2522 omnes
1642 2483 1708 2521 ho-

183 2547 305 2584 mines
330 2546 380 2584 ad
405 2545 561 2584 domum
585 2546 788 2582 aeternum
812 2546 906 2582 eunt
931 2544 973 2582 et
995 2540 1249 2582 moriuntur.“

299 2603 408 2642 Conf.
434 2604 535 2641 Men.
561 2603 635 2652 frg.
657 2603 739 2642 538
766 2615 798 2640 v.
820 2603 844 2640 8
866 2615 894 2640 s.

300 2664 366 2702 34.
398 2660 509 2712 „[Et]
536 2662 569 2700 si
592 2661 666 2700 tibi
690 2660 866 2699 inimicus
891 2660 1022 2708 fuerit,
1046 2660 1093 2698 de
1118 2671 1162 2699 eo
1186 2661 1367 2710 precatus
1392 2671 1441 2697 ne
1466 2659 1530 2705 sis,
1556 2661 1600 2696 ut
1628 2670 1707 2695 mo-

183 2722 326 2771 riatur;
350 2733 437 2759 eum
463 2721 565 2759 enim
589 2719 765 2767 moritur,
790 2719 902 2757 malis
928 2719 1008 2757 suis
1027 2718 1217 2756 liberatur
1236 2713 1309 2770 (-=
1323 2712 1424 2756 ὥ(τ’
1442 2713 1707 2764 ἀπαλλάχθαι

183 2776 348 2831 πόνων)
386 2779 454 2818 sed
489 2790 647 2828 precare
684 2777 731 2816 de
769 2789 831 2827 eo,
870 2779 915 2815 ut
945 2789 1092 2826 pauper
1122 2776 1191 2815 fiat
1219 2777 1260 2815 et
1290 2775 1399 2815 vivat
1423 2770 1497 2828 (·-—-·
1523 2769 1642 2826 part.)
1667 2777 1708 2813 et

183 2839 295 2877 malis
321 2838 401 2877 suis
426 2834 689 2888 ingemiscat.“

301 2898 367 2936 35.
402 2895 533 2946 „Inter
563 2895 707 2934 fratres
736 2906 785 2933 ne
809 2893 1075 2932 intercessoris
1098 2905 1196 2933 neve
1219 2893 1323 2932 inter
1346 2904 1412 2931 eos
1436 2891 1619 2930 arbitrari
1644 2903 1703 2930 co-
