1820 3126
619 109 912 148 Lucubrationes
938 108 1224 156 Syro-Graecae.

0 165 14 218 K

0 229 8 262 ‚b

265 225 344 259 875.
369 222 394 258 l.
414 222 438 257 1.
464 225 545 266 283,
568 224 612 256 10
638 217 774 266 „amici
796 215 974 253 laboris&
1025 215 1127 252 Oonf.
1154 215 1179 252 l.
1200 216 1224 252 l.
1251 219 1332 259 304,
1352 219 1386 252 2.

264 268 546 314 876.1.1.283,
574 272 617 304 13
649 266 739 313 „sed
769 275 889 311 neque
919 263 1003 300 istis
1035 263 1266 310 scripserunt
1296 243 1413 300 li'bros
1444 261 1531 298 illos
1562 260 1609 307 ii,

147 318 404 365 scripserunt“.

265 365 440 402 877.1.1.
466 367 612 408 285,12
638 363 708 409 „de
734 360 905 398 omnibus
931 358 1016 395 aliis
1041 357 1362 395 medicamentis&

264 411 438 450 878.1.1.
465 391 799 456 303,13,',’iudioia
823 409 862 445 et
884 406 1058 443 indicia“.
1103 407 1207 446 Conf.
1234 407 1360 443 adnot.
1382 408 1462 442 641.

265 463 344 497 879.
370 460 439 496 1.1.
465 463 546 504 304,
566 462 587 494 5
613 457 762 504 „satis“.

266 511 345 545 880.
372 507 476 544 Conf.
495 507 564 553 frg.
586 487 678 551 21’33
705 509 737 550 6,
759 508 796 550 ⁷3
824 507 880 549 55,
901 506 963 546 56;
990 506 1046 547 62,
1074 506 1132 546 63,
1158 505 1214 548 64,
1241 505 1298 538 65.

266 559 344 592 881.
373 555 476 591 Conf.
496 536 566 601 frg.
586 557 644 598 54,
664 556 721 589 55.

265 606 346 639 882.
373 601 476 640 Conf.
496 602 566 648 frg.
586 605 643 646 20,
664 605 727 645 21,
754 602 810 645 59,
831 603 888 645 60,
909 602 972 644 61,
999 600 1056 643 89,
1077 600 1133 634 90.

267 654 346 687 883.
374 649 479 687 Conf.
499 650 568 696 frg.
593 653 681 685 14-—
688 653 731 684 18
757 649 796 684 et
822 650 878 684 19.

267 701 348 735 884.
375 697 477 735 Conf.
497 697 567 744 frg.
574 701 652 791 Ρ12,
678 699 733 732 90.

266 749 346 782 885.
373 746 442 782 An.
467 746 501 782 S.
522 710 557 782 lg
604 748 712 782 .191.

1621 105 1708 147 523

1646 261 1710 307 qui

266 796 346 829 886.
372 793 486 829 Uncis
508 757 659 829 inelpudo
686 792 702 839 [
726 791 753 840 ],
779 802 1022 837 quaecunque
1042 788 1090 826 ab
1110 789 1280 835 exemplo
1302 787 1443 824 Graeco
1464 788 1545 824 sine
1566 789 1714 823 contro-

149 890 195 926 de
221 890 390 926 oratione
415 888 579 935 exempli
604 887 737 924 Graeci
762 886 971 923 accuratius
997 885 1209 922 definienda
1234 883 1444 930 suspicatus
1470 895 1562 920 sum.

146 987 270 1021 torum
294 985 528 1021 Comicorum
552 983 830 1020 Meinekianam
854 981 1051 1018 minorem.

635 1386 907 1433 Argumenti
938 1385 1222 1431 conspectus.

150 1486 339 1525 Ptaefatio
347 1511 1594 1524 ...........................

152 1547 269 1632 06111ιέ
292 1546 341 1632 ΙιὌ
370 1547 420 1584 De
452 1546 584 1595 Sergio
616 1545 838 1584 Resainensi
868 1545 1092 1594 scriptorum
1124 1543 1349 1582 Graecorum
1385 1542 1595 1591 interprete

272 1606 296 1643 y
394 1619 1592 1632 ..........................

201 1659 232 1692 1.
257 1655 318 1691 Β6
343 1654 440 1691 vita
465 1655 510 1690 et
535 1653 724 1700 scriptis
751 1652 900 1708 Sergii
918 1679 1593 1690 ...............

294 1702 404 1739 Certa
435 1702 481 1737 de
508 1701 638 1748 Sergio
669 1700 886 1738 testimonia
912 1700 1158 1746 castigantur,
1185 1698 1374 1735 latinitate
1401 1699 1599 1742 donantur,

342 1751 561 1786 enarrantur
586 1773 1593 1786 ......................

294 1799 349 1834 Β6
375 1796 505 1844 Sergio
530 1796 644 1833 Persa
667 1795 854 1842 Agathiae
880 1796 999 1832 amico
1014 1822 1592 1833 .............

294 1847 350 1882 Β6
376 1844 515 1890 Sergiis
540 1844 794 1898 grammaticis
821 1869 1592 1881 .................

294 1894 349 1930 De
375 1892 505 1946 Sergio
530 1891 749 1938 periodeuta
774 1917 1594 1929 ..................

295 1941 350 1976 Β6
377 1939 507 1995 Sergio
531 1940 662 1976 Iosuae
688 1939 731 1975 St
730 1940 846 1985 ylitae
871 1938 993 1975 amico
1011 1965 1593 1976 .............

11 2027 23 2038 ὑ
295 1989 348 2024 Β6
375 1987 504 2034 Sergio
530 1987 637 2024 Eliae
662 1987 740 2022 filio
766 1986 906 2023 Graeco
917 2013 1593 2023 ...............

6 2034 26 2078 ἐξ
298 2035 446 2081 Scripta
441 2000 592 2082 ἓέξι861311
617 2034 854 2071 Resa'mensis
879 2035 1119 2070 recensentur
1144 2034 1183 2069 et
1207 2033 1456 2078 disponuntur
1488 2061 1495 2069 .
1535 2061 1542 2069 .
1585 2060 1593 2068 .

299 2083 521 2120 Universum
546 2082 667 2129 Sergii
692 2083 930 2118 simulacrum
954 2082 1180 2118 informatur
1204 2107 1595 2118 .........

295 2133 349 2167 De
375 2131 598 2176 scriptorum
618 2130 882 2176 Sergianorum
907 2130 1007 2176 apud
1032 2130 1200 2175 posteros
1225 2139 1294 2164 usu
1320 2129 1359 2164 et
1377 2127 1602 2164 auctoritate

202 2197 234 2228 2.
259 2191 320 2227 De
346 2189 573 2235 versione,
599 2201 712 2236 quae
737 2190 926 2235 dicitur,
954 2188 1320 2235 Geoponicorum
1347 2187 1538 2234 Syriaca
1588 2215 1596 2222 .

296 2239 351 2274 De
376 2237 627 2274 fundamentis
652 2239 691 2274 et
714 2238 785 2273 fine
811 2237 1076 2283 disputationis
1112 2264 1596 2274 ...........

296 2286 512 2332 Geoponica
530 2286 682 2330 Graeca,
706 2286 919 2331 fragmenta
938 2284 1101 2331 Syriaca,
1121 2284 1242 2321 versio
1262 2282 1425 2320 Arabica
1443 2283 1594 2331 Kostae,

343 2333 534 2369 Palladius
559 2333 798 2369 conferuntur
826 2359 1595 2370 .................

296 2381 352 2417 De
377 2380 503 2416 indole
528 2380 822 2427 fragmentorum
849 2380 1084 2427 Syriacorum
1111 2407 1596 2417 ...........

297 2430 351 2465 Β6
377 2428 598 2482 fragmentis
618 2427 778 2474 Syriacis
809 2439 853 2464 ex
879 2439 990 2475 opere
1011 2426 1132 2474 Sergii
1157 2438 1179 2463 a
1197 2427 1314 2473 Kosta
1339 2427 1508 2463 adhibito
1535 2437 1594 2461 ex-

346 2474 481 2521 cerptis
495 2502 1595 2513 ........................

297 2524 352 2560 Β6
377 2522 566 2559 Vindanio
590 2522 766 2559 Anatolio
791 2522 945 2569 Berytio
971 2522 1092 2569 Sergii
1117 2523 1268 2559 auctore
1294 2522 1499 2558 Graeco..
1540 2550 1547 2557 .
1588 2550 1595 2558 .

298 2573 351 2608 De
377 2571 518 2616 Kostae
542 2570 582 2605 in
606 2570 805 2607 reficiendo
831 2581 941 2617 opere
967 2570 1148 2616 Sergiano
1173 2571 1246 2606 fide
1273 2572 1310 2606 et
1336 2582 1405 2605 usu
1445 2598 1453 2605 .
1493 2597 1500 2605 .
1540 2597 1548 2605 .

298 2621 354 2656 De
384 2609 490 2654 libris
510 2617 677 2654 Anatolii
708 2617 923 2664 eclogarum
953 2618 1177 2655 rusticarum
1209 2619 1248 2654 et
1278 2618 1324 2653 de
1355 2615 1597 2663 generatione

348 2668 385 2703 et
409 2664 596 2702 medicina
620 2664 838 2701 animalium
863 2665 1156 2703 internoscendis
1184 2666 1222 2701 et
1246 2664 1454 2701 reficiendis
1492 2693 1500 2700 .
1541 2692 1548 2700 .
1587 2692 1595 2700 .

299 2714 354 2751 De
380 2713 594 2750 auctoribus
619 2712 785 2749 Anatolii
829 2740 1596 2750 .................

206 2779 238 2812 3.
270 2774 331 2811 De
361 2772 651 2809 versionibus
686 2771 999 2827 philosophici
1033 2771 1291 2818 argumenti
1325 2770 1421 2806 sine
1455 2771 1596 2807 inter-

269 2821 416 2869 pretis
452 2820 631 2857 nomine
670 2819 882 2866 servatis,
921 2831 1033 2866 quae
1072 2819 1231 2864 Sergio
1269 2818 1484 2855 videntur
1515 2819 1598 2855 tri-

271 2868 475 2907 buendae
500 2878 598 2904 esse
641 2895 1597 2905 .....................

303 2916 406 2960 Quae
431 2915 527 2952 ratio
552 2914 807 2960 inquisitionis
830 2913 994 2952 ineunda
1018 2915 1068 2951 sit
1114 2941 1598 2951 ...........

149 841 273 878 versia
292 840 467 878 videntur
486 841 609 877 aliena
627 840 754 884 fuisse,
782 843 794 886 (
818 840 843 885 ),
870 848 1112 884 quaecunque
1137 837 1219 884 ipse
1245 836 1324 873 sive
1350 837 1396 871 de
1424 835 1611 872 sententia
1636 837 1715 871 sive

269 941 350 974 887.
378 937 589 973 Sententiae
620 935 872 972 monostichos
907 934 1020 970 laudo
1060 933 1263 970 secundum
1294 932 1497 970 editionem
1528 931 1715 978 fragmen-
