1820 3126
191 149 278 192 414
802 154 845 189 A.
871 154 1103 190 Baumstarkz

192 263 233 301 in
264 275 478 302 sermonem
505 263 693 312 Syrorum
724 265 964 314 irrepserant
994 266 1318 316 invetuerantque
1342 268 1456 318 adeo,
1487 269 1531 305 ut
1556 267 1718 306 saeculis

193 335 229 370 p.
256 320 323 359 Ch.
349 335 385 360 n.
417 322 553 372 quinto
586 324 743 362 sextove
774 336 843 372 pro
876 323 1044 373 Syriacis
1077 325 1211 363 haberi
1243 328 1418 376 possent,
1450 325 1595 364 scilicet
1625 325 1718 363 arti-

192 379 273 418 ficis
299 382 340 418 et
363 374 598 432 artifieii³⁸⁶)
624 377 914 434 templique⁸⁸⁶)
940 382 1097 421 nomina
1122 378 1398 435 assyriaca³⁸⁷)
1424 386 1464 422 et
1488 383 1720 422 vocabulum

191 432 371 511 ΚΜ
397 438 686 498 Persicum.³⁸⁸)

311 525 459 563 Eadem
484 538 604 575 prope
629 528 747 576 atque
766 526 974 566 verborum
993 529 1240 567 externorum
1259 528 1496 578 parsimonia
1514 529 1720 578 conspicua

192 586 252 622 est
276 583 316 621 in
341 584 571 622 adhibendis
597 584 748 624 duobus
774 585 973 624 nominum
999 586 1220 636 generibus,
1249 600 1347 637 quae
1372 587 1605 637 posteriores
1631 586 1719 636 Syri

192 642 366 691 adprime
399 643 439 680 in
470 642 619 681 deliciis
651 643 813 690 habent,
845 644 1100 682 adiectivis
1131 645 1351 684 relativis
1377 646 1422 683 in
1447 646 1519 694 aja
1543 647 1589 682 et
1615 646 1719 682 sub-

192 700 423 739 stantivis
460 701 722 741 abstractis
759 702 804 740 in
842 703 930 740 ῦθᾶ
964 702 1307 742 desinentibus.
1365 704 1496 753 Atque
1530 703 1722 742 adiectiva

193 759 350 807 quidem
375 759 542 798 relativa
564 760 634 798 illa
658 760 784 811 magis
810 761 929 798 etiam
953 761 1131 799 vitantur
1155 762 1195 799 in
1220 762 1286 812 eis,
1312 762 1359 799 de
1379 774 1543 811 quorum
1563 763 1720 800 auctore

190 817 406 866 ambigitur
431 830 548 867 quam
572 818 613 856 in
634 820 811 858 versione
831 819 921 857 libri
941 819 988 857 de
1007 820 1164 869 mundo,
1188 820 1228 858 in
1248 832 1324 870 qua
1343 820 1495 858 obviam
1516 821 1608 858 sunt
1627 819 1721 858 haec

190 870 316 926 lna-‚l
346 881 393 920 A.
420 881 636 934 s148,5;
674 873 836 930 lam!
873 884 966 931 157,
990 885 1060 933 11,
1103 873 1235 930 toni
1276 886 1369 934 137,
1400 885 1451 922 14
1486 886 1526 922 et
1557 884 1721 933 passim3

190 941 297 997 μυί
324 953 419 1002 156,
440 954 483 1002 5,
513 941 638 999 1:042
666 954 760 1002 157,
782 954 825 1003 6,
855 943 1110 1019 1Ἃ146,
1135 953 1204 1002 19,
1237 944 1591 1021 ¹⁴³&142‘273
1628 955 1721 1004 143,

192 1029 324 1078 9,10,
355 1018 514 1088 μὴ»
548 1030 641 1079 142,
663 1030 715 1066 27
743 1031 783 1067 et
806 1029 971 1078 passim,
1008 1018 1112 1075 Lm
1140 1029 1327 1077 154,16,
1352 1019 1510 1095 Καὶ.
1537 1030 1630 1080 141,
1651 1031 1722 1079 23,

189 1091 322 1148 μυ.»
350 1104 537 1153 147,14,
573 1094 698 1151 122.»
731 1106 917 1155 137,14,
945 1105 1039 1151 151,
1061 1105 1133 1153 27,
1169 1095 1344 1152 Lmen,
1374 1105 1561 1155 156,16,
1598 1094 1723 1151 μευ

192 1177 287 1226 142,
307 1179 378 1227 26,
404 1168 557 1226 torm
585 1180 677 1228 143,
705 1182 742 1230 3,
763 1182 806 1230 9,
831 1170 936 1226 μ».
963 1180 1055 1230 142,
1077 1181 1148 1231 25,
1173 1170 1350 1227 lna-‚m
1378 1180 1471 1227 142,
1493 1181 1545 1219 28
1573 1182 1613 1219 et
1636 1192 1722 1230 pas-

189 1251 279 1301 sim,
305 1244 495 1301 Lmen
523 1255 710 1306 142,18,
737 1245 865 1313 Q
894 1256 1100 1306 143,2,6,
1125 1245 1245 1303 mm.
1272 1256 1365 1303 157,
1389 1257 1430 1304 9,
1460 1244 1602 1301 μω).
1629 1258 1723 1306 142,

191 1323 263 1373 293
297 1325 392 1372 143,
414 1324 479 1373 13,
502 1326 568 1374 14,
590 1326 655 1364 15.
706 1326 751 1363 In
776 1325 938 1374 reliquis
964 1326 1067 1363 enim
1092 1325 1336 1364 versionibus
1362 1326 1538 1375 exempla
1561 1338 1639 1364 non
1663 1326 1719 1364 in-

188 1387 275 1425 veni
301 1387 377 1425 nisi
401 1399 470 1426 sex
497 1376 691 1434 140le
716 1390 807 1427 Luc.
835 1389 881 1426 de
901 1390 971 1427 cal.
998 1389 1028 1427 Ι.
1048 1389 1084 1429 S.
1107 1391 1172 1436 10,
1195 1391 1265 1438 1ος
1289 1379 1384 1440 1023(
1408 1389 1523 1428 Isocr.
1543 1390 1593 1428 ad
1612 1390 1720 1429 Dem.

190 1457 236 1493 A.
263 1456 299 1494 S.
322 1458 417 1506 173,
439 1459 510 1507 22,
536 1449 673 1506 1:020:
698 1459 792 1498 ibid.
821 1460 915 1507 172,
937 1460 1003 1509 28,
1023 1460 1094 1509 29,
1123 1460 1217 1507 174,
1232 1460 1329 1508 2,6,
1355 1458 1540 1498 Themist.
1567 1460 1614 1498 de
1633 1460 1723 1500 virt.

186 1525 217 1564 I.
243 1525 280 1565 S.
301 1527 367 1575 30,
390 1527 461 1577 24,
488 1528 554 1578 44,
577 1529 649 1579 17,
678 1519 835 1577 too-‚s
858 1529 951 1567 ibid.
973 1530 1039 1579 31,
1061 1531 1102 1579 9,
1128 1520 1261 1588 μορ
1285 1527 1388 1566 Plut.
1414 1528 1461 1567 de
1481 1542 1602 1568 exerc.
1627 1531 1721 1580 184,

190 1598 264 1646 12;
295 1587 493 1643 ladam-n.
525 1599 712 1639 Themist.
745 1600 793 1638 de
827 1600 914 1639 virt.
939 1599 968 1639 I.
995 1599 1032 1638 S.
1053 1602 1119 1650 33,
1141 1601 1206 1638 21.
1233 1620 1287 1626 —
1312 1599 1435 1638 Paulo
1466 1602 1571 1638 certe
1602 1600 1721 1639 latius

186 1663 296 1710 patet
332 1674 426 1701 usus
464 1662 801 1703 substantivorum
838 1665 877 1702 in
913 1666 990 1703 ῦθῐῖ
1026 1664 1297 1703 desinentium.
1354 1663 1430 1703 Sed
1463 1667 1510 1703 ut
1543 1665 1721 1704 omittam

187 1720 324 1758 eadem
348 1720 430 1759 fere
457 1721 541 1760 eius
566 1722 716 1761 formae
741 1723 918 1772 exempla
942 1724 982 1761 in
1008 1723 1199 1773 omnibus,
1231 1735 1330 1772 quae
1355 1722 1405 1760 ad
1423 1735 1494 1761 nos
1512 1724 1722 1775 pertinent,

186 1779 436 1829 versionibus
460 1779 638 1831 inveniri,
664 1793 751 1819 cum
776 1782 1011 1831 posteriores
1038 1781 1127 1831 Syri
1152 1794 1176 1819 a
1200 1782 1338 1830 quovis
1363 1781 1516 1820 nomine
1543 1783 1723 1821 substan-

185 1836 312 1875 tivum
337 1837 579 1877 abstractum
605 1840 687 1878 eius
706 1840 863 1889 generis
883 1841 1037 1889 ducant,
1063 1841 1102 1878 in
1121 1840 1206 1878 istis
1226 1839 1469 1879 versionibus
1488 1853 1584 1879 usus
1604 1841 1720 1879 certis

185 1895 328 1934 finibus
368 1897 633 1936 circumscribi
662 1898 829 1937 videtur.
886 1898 1021 1938 Solent
1051 1898 1106 1936 ibi
1137 1897 1237 1935 effici
1267 1898 1424 1937 nomina
1454 1899 1652 1938 abstracta
1682 1900 1721 1937 in

186 1955 264 1993 ufla
295 1954 513 1994 desinentia
537 1969 613 1995 non
637 1957 713 1995 nisi
739 1969 784 1995 ex
809 1957 1031 1996 nominibus
1050 1957 1266 1995 formarum
1285 1956 1530 2006 simplicium,
1555 1958 1721 1996 maxime

185 2026 290 2104 >js-3,
320 2026 423 2106 ily-2⁴3⁸·
447 2055 487 2091 et
510 2031 638 2099 ,ka-3·
688 2054 903 2093 Rarissime
927 2067 998 2104 pro
1023 2056 1110 2093 rata
1133 2055 1246 2104 parte
1271 2053 1326 2101 fit,
1352 2056 1397 2092 ut
1421 2055 1537 2093 etiam
1565 2067 1611 2093 ex
1635 2068 1721 2104 par-

183 2151 328 2200 ticipiis
366 2152 684 2202 coniugationum
721 2153 985 2191 derivatamm
1022 2151 1085 2190 vel
1117 2151 1356 2201 nominibus,
1394 2165 1492 2201 quae
1524 2153 1718 2201 dicuntur,

183 2210 386 2259 agentium
411 2211 474 2249 vel
498 2211 695 2250 vocabulis
720 2210 894 2258 Graecis,
926 2222 1139 2259 nunquam,
1167 2212 1211 2248 ut
1236 2223 1282 2248 ex
1307 2210 1525 2260 adiectivis,
1554 2212 1600 2250 de
1625 2212 1707 2261 qui-

182 2266 255 2306 bus
280 2269 395 2307 modo
421 2269 563 2318 monui,
592 2269 767 2308 relativis
794 2269 1021 2314 efficiantur.
1072 2267 1254 2307 Ceterum
1279 2269 1389 2307 lubet
1413 2270 1621 2309 observare
1646 2283 1711 2308 eas

184 2339 336 2376 quoque
373 2327 481 2377 leges
517 2328 634 2377 paulo
672 2329 798 2366 minus
836 2327 1047 2377 diligenter
1087 2326 1234 2366 servari
1268 2326 1307 2364 in
1339 2328 1515 2366 versione
1545 2328 1638 2366 libri
1668 2329 1716 2367 de

183 2391 340 2440 mundo,
363 2391 431 2429 ubi
456 2393 516 2430 est
540 2392 660 2430 etiam
684 2381 953 2438 stobaeum
979 2391 1024 2431 A.
1052 2391 1088 2429 S.
1113 2392 1205 2441 149,
1229 2392 1292 2429 17.

300 2467 444 2506 Iisdem
457 2467 595 2506 deinde
609 2468 749 2506 finibus
762 2480 833 2518 per
846 2480 991 2516 omnes,
1005 2478 1102 2516 quas
1115 2478 1397 2517 comparamus,
1415 2468 1613 2507 versiones
1627 2481 1716 2508 con-

183 2548 331 2587 tinetur
356 2562 449 2588 usus
474 2550 862 2600 coniugationum
887 2550 1190 2599 antiquarum
1217 2533 1380 2589 Safgel
1405 2551 1446 2588 et
1470 2549 1603 2590 Safsel
1627 2550 1716 2589 stir-

183 2607 369 2683 pliumque
392 2610 562 2658 quatuor
579 2609 642 2648 vel
660 2609 870 2658 plurimum
890 2609 1111 2647 litterarum
1131 2606 1369 2645 radicalium.
1411 2607 1713 2658 Coniugationes

183 2673 274 2728 Safg
282 2689 318 2727 el
344 2691 383 2727 et
402 2687 539 2730 Estafg
548 2691 584 2728 el
608 2690 885 2740 nominumque
904 2691 1050 2728 formae
1069 2688 1158 2727 inde
1177 2688 1316 2727 ductae
1334 2690 1595 2728 admittuntur
1612 2690 1715 2732 circa.

183 2752 326 2801 stirpes
351 2747 447 2798 3012
473 2754 660 2794 Themist.
679 2755 727 2794 de
746 2755 854 2794 amic.
874 2755 906 2794 L
919 2754 956 2793 S.
971 2756 1038 2804 53,
1051 2755 1122 2803 253
1144 2757 1266 2814 55‚9,;
1290 2754 1392 2793 Plut.
1413 2754 1460 2792 de
1479 2766 1599 2792 exerc.
1613 2753 1660 2791 A.
1675 2753 1712 2791 S.

188 2823 281 2871 181,
303 2825 345 2872 63
372 2816 497 2861 Q
520 2824 642 2864 Arist.
667 2825 715 2863 de
736 2825 867 2864 mund.
887 2825 933 2863 A.
954 2825 990 2864 S.
1014 2828 1109 2876 137,
1130 2828 1197 2876 27,
1218 2826 1289 2874 29;
1317 2825 1410 2873 138,
1430 2825 1466 2871 6,
1487 2825 1525 2873 7,
1544 2824 1588 2874 8;
1617 2825 1710 2871 147,

185 2888 221 2934 5,
243 2888 308 2935 24,
331 2888 402 2938 25,
431 2890 524 2937 152,
547 2891 610 2940 16,
632 2891 705 2940 22,
734 2891 828 2941 153,
848 2892 891 2940 5,
920 2891 1107 2940 154,13,
1135 2891 1321 2940 155,19,
1350 2889 1444 2938 156,
1463 2889 1499 2936 5,
1521 2889 1592 2934 16,
1620 2887 1713 2926 Luc.
