1820 3126
569 109 862 147 Lucubrationee
888 109 1172 155 Syro-Graecae.
1562 109 1648 151 459

208 222 337 265 XXIV
356 224 455 274 428,
476 224 528 263 31
558 220 626 263 καὶ
652 224 756 263 inter
780 219 984 262 πολλάκις
1010 224 1050 261 et
1075 219 1123 261 ἐν
1148 222 1238 262 τοῖς
1264 217 1483 272 φιλτάτοις
1510 218 1650 270 μίςους

95 281 432 336 παραπίπτουςιν
458 279 583 322 αἰτίαι
609 283 829 322 sententiae
855 276 1197 334 aptissimum⁶⁸¹)‚

213 343 342 384 XXIV
363 344 461 392 428,
483 344 538 382 34
571 338 933 391 καταςκεψάμενοι
959 338 1060 380 οὐδὲ
1087 341 1214 381 τοῦτο
1241 337 1305 380 ὅτι
1330 343 1422 392 post
1446 337 1514 380 καὶ
1539 335 1652 379 ὅλως

98 407 174 456 ita,
202 406 246 442 ut-
276 402 408 442 omnia
437 402 527 440 inde
561 415 584 441 a
615 402 748 441 verbis
773 398 870 441 τότε
896 398 977 450 γὰρ
1004 398 1104 441 οὐδὲ
1131 399 1283 451 φωνὴν
1309 413 1434 451 usque
1460 400 1509 439 ad
1534 399 1653 438 finem

99 463 237 517 capitis
261 474 380 501 unam
407 462 645 501 sententiam
672 461 875 501 efficerent
884 455 967 513 ⁶⁸²),

142 546 145 549 -
211 522 320 602 ΧέδΧ
339 522 437 571 430,
459 523 483 561 3
510 518 641 570 θύρας
667 518 735 560 καὶ
759 521 865 560 inter
889 521 963 570 τῆς
990 518 1066 569 μὲν
1092 517 1223 560 οἰκίας
1244 522 1285 559 et
1304 517 1522 569 θυρωροὺς
1541 520 1654 558 καθι-

97 579 238 624 ςτάναι
298 578 326 633 ),

211 641 364 680 XXXII
383 642 481 690 430,
504 642 557 680 18
585 636 897 689 ἀνατελλούςης
922 641 1014 690 post
1038 635 1123 678 ὑπὸ
1148 639 1222 689 τῆς
1248 635 1456 688 ἀληθείας,
1483 637 1588 688 quod
1609 639 1657 676 ut

98 715 168 755 per
191 701 553 752 splendidissimam
578 700 791 752 imaginem
812 700 971 750 egregie
992 699 1230 738 sententiam
1250 699 1421 749 supplet,
1446 711 1535 737 cum
1554 697 1654 737 veri-

99 766 162 802 tas
197 764 448 842 ⁰⁰¹ssp³ret¹²r
485 760 559 800 soli
597 760 757 810 orienti,
794 759 852 799 ita
888 759 1077 810 perfacile
1111 759 1150 797 in
1184 758 1289 798 calce
1320 758 1448 797 libelli
1479 757 1657 797 excidere

97 821 239 873 potuit.
283 815 320 873 ⁴¹)

217 879 411 926 Quoniam
436 880 485 919 de
510 879 739 930 maioribus,
766 891 867 930 quae
892 878 934 917 in
959 879 1159 918 codicibus
1185 877 1355 917 servatis
1377 877 1534 916 obviam
1554 878 1660 926 sunt,

10 944 30 982 'J
99 940 250 980 lacunis
276 941 483 979 contextus
509 939 605 990 dixi,
630 952 697 978 eos
725 939 861 978 statim
886 939 993 978 locos
1016 938 1268 988 subiungam,
1294 937 1364 976 ubi
1384 937 1659 986 scripturae

22 1022 30 1038 ι
95 1000 307 1040 codicum
339 1013 360 1038 e
393 999 654 1049 scripturis
686 999 909 1038 versione
936 998 1137 1049 Syiiaca
1162 997 1405 1047 expressis
1431 996 1659 1036 videntur

99 1060 267 1112 paucis
292 1059 479 1098 litteris
506 1058 698 1098 omissis
725 1061 983 1109 corruptae
1009 1070 1124 1097 esse.
1175 1057 1358 1108 Quinque
1377 1069 1541 1095 numero
1562 1057 1657 1094 sunt

28 1119 29 1123 ’
212 1118 573 1168 111422,341bb.
601 1118 690 1158 Grr.
717 1114 800 1167 ἔφη
839 1117 865 1156 S
891 1111 1182 1170 ἀπέφηνεθὸὃ),

215 1178 315 1217 VIII
327 1179 425 1227 424,
435 1179 488 1218 25
504 1178 584 1218 lbb.
596 1177 683 1217 Grr.
699 1175 1039 1227 παραιρούμενος
1065 1173 1544 1226 Βπροπαραιρούμενος,
1561 1187 1662 1225 quae

102 1238 301 1289 scriptura
325 1251 370 1277 eo
396 1238 523 1290 magis
548 1237 753 1293 probanda
779 1239 858 1288 est,
887 1236 992 1288 quod
1018 1237 1218 1276 Lucienus
1244 1235 1367 1275 verba
1392 1234 1663 1286 decomposita

99 1311 128 1344 a
146 1298 438 1349 praepositione
463 1308 547 1347 προ
573 1297 803 1348 incipientia
828 1297 1073 1336 admodum
1061 1310 1103 1335 ιιι
1122 1295 1274 1335 deliciis
1294 1295 1482 1334 habuisse
1501 1295 1662 1334 videtur

101 1354 218 1412 (conf.
244 1358 416 1396 indicem
441 1357 624 1396 editionis
650 1357 939 1396 Iacobitzianae
964 1356 1126 1395 maioris
1151 1356 1229 1395 vol.
1249 1355 1308 1394 IV
1332 1369 1369 1405 p.
1392 1356 1475 1395 958
1491 1368 1520 1394 s.
1536 1367 1566 1394 s.
1576 1348 1660 1407 686),

219 1417 319 1456 XIII
338 1418 436 1467 426,
457 1418 481 1456 5
509 1417 591 1456 lbb.
618 1416 706 1456 Grr.
731 1414 944 1466 τύραννον
982 1416 1008 1455 S
1033 1409 1378 1468 Tupavv1x6v687),

218 1477 313 1515 XVI
332 1478 430 1526 426,
452 1478 504 1516 31
533 1477 614 1516 lbb.
640 1475 727 1516 Grr.
754 1473 816 1515 ὢν
853 1476 880 1515 S
906 1472 1014 1516 εἶναι
1039 1474 1191 1516 δοκῶν.
1200 1469 1271 1528 688)

222 1535 401 1582 Quatuor
444 1537 535 1575 dein
577 1536 673 1576 locis
717 1536 766 1575 in
807 1536 1043 1587 omnibus,
1087 1535 1168 1585 qui
1210 1535 1363 1573 adhuc
1401 1532 1665 1573 examinati

107 1599 235 1645 sunt,
273 1595 520 1636 codicibus
560 1595 758 1636 Graecis
795 1608 943 1646 prava
976 1595 1239 1634 iteratione
1272 1594 1464 1634 videtur
1495 1605 1664 1643 peeca—

103 1658 203 1696 tum
228 1668 343 1695 esse.

222 1715 301 1754 XII
314 1716 412 1765 425,
428 1716 479 1754 31
503 1715 582 1755 lbb.
603 1714 692 1754 Grr.
712 1711 1023 1765 ἀνταγωνιςτής
1062 1714 1088 1752 S
1107 1710 1351 1763 ἀγωνιςτής,
1379 1713 1447 1751 ubi
1467 1713 1666 1763 scriptura

108 1774 285 1814 codicum
320 1777 416 1814 nata
446 1777 525 1825 est,
561 1775 640 1813 nisi
669 1775 805 1825 fallor,
839 1774 1117 1814 aberrantibus
1149 1773 1303 1813 librarii
1337 1773 1460 1812 oculis
1491 1773 1541 1811 ad
1566 1769 1667 1811 τοὺς

107 1831 431 1884 ἀνταγωνιςτάς,
457 1835 561 1884 quod
587 1837 704 1874 antea
727 1847 800 1885 pro
826 1831 1058 1882 ἀγωνιςτὰς
1085 1833 1278 1883 scriptum
1302 1833 1424 1872 fuisse
1444 1845 1465 1871 e
1485 1832 1666 1871 versione

108 1894 271 1945 Syriaca
295 1896 496 1944 comparet
523 1889 642 1946 (conf.
667 1908 705 1945 p.
725 1889 922 1947 462)⁶⁸⁹),

225 1953 324 1992 XIII
342 1955 441 2005 426,
462 1955 488 1992 4
509 1966 539 1993 ε.
563 1954 644 1994 lbb.
666 1953 754 1993 Grr.
773 1951 1026 2003 τυραννικὸν
1064 1953 1090 1991 S
1117 1949 1362 2001 ςτρατηγὸν,
1388 1951 1457 1991 ubi
1476 1961 1667 2000 τυραννι-

19 2030 33 2070 ³.
108 2010 196 2063 κὸν,
216 2014 320 2064 quod
339 2015 458 2052 antea
478 2015 565 2052 erat
583 2027 654 2064 pro
674 2011 887 2063 τύραννον
905 2013 946 2052 in
966 2013 1164 2053 codicibus
1186 2013 1288 2051 male
1308 2013 1499 2051 iteratum
1513 2013 1574 2050 est
1582 2005 1666 2063 690),

18 2119 29 2133 -,
226 2072 343 2112 XVII
368 2074 465 2124 427,
486 2075 511 2112 3
550 2073 629 2112 lbb.
669 2073 755 2112 Grr.
794 2071 1093 2122 προςεξέκαιον
1130 2069 1255 2112 εὐθύς
1305 2071 1331 2110 S
1368 2068 1668 2120 προςεξέκαιον

22 2144 33 2169 ιῑ
111 2133 257 2172 omisso
283 2129 418 2182 εὐθύς,
443 2133 550 2183 quod
573 2132 614 2171 in
640 2133 839 2172 codicibus
864 2145 1072 2183 perperam
1098 2145 1145 2170 ex
1163 2131 1296 2171 verbis
1316 2128 1441 2171 εὐθὺς
1461 2127 1540 2170 οὖν
1558 2127 1668 2170 νεώς

0 2190 38 2252 32}
110 2203 156 2233 τε
181 2189 405 2233 ἀνίςταςαν
430 2187 530 2246 (lbb.
557 2191 644 2232 Grr.
671 2190 902 2241 ἀνέςτηςαν
928 2193 1027 2232 conf.
1054 2185 1267 2245 infra)⁶⁹¹),

24 2256 34 2266 ’
230 2251 346 2291 XVII
366 2253 538 2300 429,17
571 2252 651 2292 lbb.
678 2252 764 2292 Grr.
799 2250 837 2291 τί
868 2250 951 2301 γὰρ
983 2248 1036 2291 ἄν
1061 2262 1122 2290 τις
1147 2250 1172 2301 ἢ
1198 2249 1275 2290 τὸν
1301 2246 1527 2299 (ωκράτην
1553 2247 1670 2297 λέγοι

0 2307 38 2369 '3
113 2311 140 2351 S
163 2309 202 2350 τί
233 2309 314 2360 γὰρ
346 2307 399 2350 ἄν
430 2322 491 2350 τις
522 2309 598 2351 τὸν
624 2309 849 2361 Εωκράτην
882 2310 999 2359 λέγοι
1026 2307 1144 2366 (conf.
1171 2324 1209 2360 p.
1229 2311 1314 2350 463
1337 2306 1404 2363 s.,)
1435 2310 1506 2348 ubi
1530 2307 1556 2358 ἢ
1582 2321 1670 2359 per-

0 2371 41 2426 ¹.>}
113 2384 249 2422 peram
279 2371 560 2421 interpositum
591 2374 653 2410 est
683 2372 960 2411 aberrantibus
992 2371 1147 2410 librarii
1172 2370 1295 2410 oculis
1321 2370 1372 2409 ad
1396 2369 1518 2409 verba
1543 2367 1568 2418 ἢ
1594 2366 1671 2408 τὸν

0 2434 39 2467 ι’]
117 2427 361 2479 Μιλτιάδην.
369 2425 440 2482 ⁶⁹²)

0 2484 29 2518 ἶ
232 2490 455 2540 Supersunt
479 2490 690 2530 leviores
716 2491 887 2530 calami
912 2503 1100 2530 errores
1126 2490 1300 2541 quinque

0 2581 27 2608 4.
231 2550 268 2588 X
288 2551 387 2600 424,
407 2550 462 2589 36
484 2562 514 2589 s
539 2550 619 2589 lbb.
646 2549 734 2589 Grr.
761 2547 1008 2599 παμπόλλαι
1034 2548 1080 2589 δὲ
1107 2549 1340 2589 κολακειῶν
1365 2544 1432 2587 καὶ
1458 2546 1672 2597 διαβολῶν

116 2606 333 2650 ὑποθέςεις
376 2608 402 2648 S
428 2606 675 2658 παμπόλλαι
712 2606 760 2648 δὲ
790 2609 1006 2650 κολακεῑαι
1031 2607 1099 2649 καὶ
1124 2607 1337 2658 διαβολῶν
1361 2601 1672 2658 ὑποθέςεις693),

233 2669 332 2708 xm
350 2670 449 2717 425,
470 2670 525 2709 37
547 2682 576 2708 s.
603 2669 683 2708 lbb.
709 2667 796 2708 Grr.
821 2666 871 2709 ·r6
896 2680 942 2708 τε
980 2669 1007 2708 S
1031 2667 1082 2709 τὸ
1108 2662 1247 2721 bem),

232 2729 350 2768 XVII
369 2730 467 2777 426,
483 2729 537 2769 36
563 2725 1003 2778 11)ὶ).(ἳιϊ.ἀνέςτηςαν
1041 2729 1066 2768 S
1092 2725 1327 2776 ἀνίςταςαν,
1352 2739 1452 2776 quae
1474 2726 1671 2775 scriptura

2 2790 12 2820 ’'-
36 2815 51 2830 >.
119 2788 375 2839 sequentibus
400 2788 643 2838 imperfectis
670 2787 895 2827 confirmari
919 2782 1168 2841 videtur⁶9⁵),

237 2847 368 2887 XXIV
388 2849 486 2897 429,
508 2849 532 2887 3
559 2847 638 2887 lbb.
660 2843 747 2888 Gimr
766 2843 1004 2897 ἀπὲςχοντο
1042 2847 1067 2886 S
1093 2843 1364 2897 ἀποςχοῑντο,
1390 2845 1494 2895 quod
1514 2846 1671 2884 senten-

6 2903 21 2951 s'
118 2907 196 2947 tiae
219 2909 431 2958 peraptum
455 2901 607 2961 est⁶⁹⁶)‚
