1820 3126
214 147 298 189 378
826 149 867 183 A.
891 147 1105 183 Baumstark
1114 161 1125 182 :

213 270 323 296 suam
348 260 494 296 terram
504 252 584 308 ¹⁴⁷),
609 257 767 297 Graecis
793 270 886 297 suae
905 258 1034 308 gentis
1054 257 1229 296 homines
1249 257 1384 296 doctos
1404 257 1574 307 opponit.
1587 252 1653 309 ¹⁴⁸)
1702 257 1733 295 E

212 317 352 367 quibus
377 318 488 355 unice
513 316 684 354 omnium
709 317 947 355 clarissimus
972 319 1032 355 est
1055 316 1116 355 111
1138 317 1204 355 24.
1215 311 1283 369 ¹⁴²³)
1331 315 1392 354 Ibi
1423 316 1592 365 primum
1618 328 1736 363 quae-

213 375 301 414 dam
333 388 379 414 ex
404 375 572 414 Homero
603 375 828 415 afferuntur.
879 375 966 414 Mox
997 376 1219 414 annectitur
1248 387 1272 413 a
1298 374 1425 414 verbis
1457 371 1638 436 ΨΜ
1669 372 1737 422 AB

213 440 283 497 (lb.
309 458 379 483 ms.
404 439 602 506 oviam)
633 445 751 496 „dicit
777 445 945 495 Kostus“
975 445 1163 494 incipiens
1189 445 1406 494 annotati0,
1436 455 1514 494 qua
1540 443 1737 492 Graeciae,
1815 442 1820 471 ¹²

195 515 262 553 -ad
298 515 407 553 cuius
444 516 594 553 caelum
629 515 749 555 verba
779 515 937 553 Homeri
969 515 1113 564 optime
1149 515 1356 564 quadrent,
1395 514 1600 552 scribentis
1631 516 1736 551 terra

212 574 430 622 opponitur.
479 573 602 623 Atqui
633 574 728 612 haec
752 574 861 612 nulla
884 586 1053 623 unquam
1078 575 1162 612 arte
1188 573 1237 611 ad
1263 572 1459 623 Sergium,
1494 585 1606 622 quem
1634 567 1737 621 Hag‘i

212 630 352 669 Chalfa
388 631 501 681 fingit
535 632 786 681 interpretem
817 632 1005 679 Arabem,
1042 632 1215 670 revocari
1249 633 1443 680 poterunt.
1491 630 1620 680 Ipsius
1654 630 1736 668 sine

211 691 476 728 controversia
499 690 651 742 Kostfis
677 692 779 728 suut.
819 690 860 729 Is
886 702 990 740 ergo,
1016 690 1082 739 qui
1107 690 1261 728 nomine
1282 689 1458 740 Kostfis
1485 688 1735 739 significatur,

211 761 300 786 non
326 748 582 798 exemplum
605 747 828 787 Graecum
855 749 935 787 sed
961 761 1075 797 eam,
1100 760 1216 797 quae
1242 750 1288 785 et
1312 748 1358 784 in
1383 747 1594 785 manibus
1615 742 1736 798 Hagi

212 805 410 844 Chalfae
436 810 539 845 erat
562 807 678 845 etin
702 807 858 845 codice
879 806 1185 857 Lugdunensi
1211 807 1448 855 servatur,
1474 805 1736 844 versionem

211 865 461 903 Arabicam
487 866 717 914 condidit,
742 865 799 903 ita
825 865 992 915 quidem,
1017 867 1064 902 ut
1082 864 1227 914 passim
1248 864 1422 912 exemplo
1442 863 1515 902 sibi
1535 863 1736 912 proposito

210 923 407 962 liberrime
431 925 625 972 uteretur,
656 924 896 972 adderetque
921 923 1064 973 multa,
1096 935 1194 972 quae
1220 922 1267 960 ad
1294 933 1387 959 suae
1412 921 1563 970 patriae
1588 921 1737 959 caelum

209 983 433 1030 spectarent
463 994 578 1031 quam
609 982 775 1020 maxime
806 994 830 1020 a
856 981 1002 1020 Graeco
1028 981 1238 1019 diversum.
1263 1000 1321 1006 —
1345 979 1406 1018 Ne
1431 980 1558 1029 ipsum
1582 978 1738 1028 quidem

210 1039 358 1090 Kostus
382 1053 524 1079 nomen
548 1043 651 1079 recte
671 1040 800 1078 habet.
842 1040 967 1078 Immo
987 1039 1136 1092 Kostae
1154 1051 1295 1077 nomen
1312 1037 1518 1087 interpreti
1538 1038 1595 1075 illi
1614 1037 1734 1076 fuisse

212 1099 430 1137 certissimo
455 1099 677 1137 testimonio
705 1098 906 1147 scriptoris
931 1098 1098 1136 efficitur
1117 1093 1226 1148 Hag‘i
1246 1096 1386 1135 Chalfa
1405 1096 1529 1134 multo
1549 1098 1588 1135 et
1606 1097 1736 1134 aetate

209 1157 419 1206 superioris
444 1159 484 1195 et
508 1157 582 1195 fide
608 1157 807 1206 dignioris.
840 1157 982 1195 Rhasis
1007 1156 1180 1206 inquam.
1216 1155 1323 1201 Quae
1343 1155 1444 1192 enim
1464 1154 1529 1192 ille
1548 1155 1587 1192 in
1607 1153 1737 1193 Conti-

209 1218 327 1254 nente
353 1228 399 1254 ex
423 1215 523 1254 libro
549 1216 813 1266 agriculturae
832 1214 1002 1253 Graecae
1028 1227 1052 1252 a
1071 1214 1195 1266 Kosta
1219 1213 1387 1263 quodam
1411 1225 1523 1251 verso
1542 1212 1666 1259 affert,
1692 1224 1738 1250 ea

209 1274 338 1312 omnia
356 1276 448 1312 sunt
465 1274 506 1311 in
524 1275 653 1313 codice
671 1273 925 1324 Lugdunensi
945 1273 1011 1322 qui
1030 1285 1171 1311 nomen
1189 1272 1338 1321 Kostfis
1356 1284 1450 1320 prae
1470 1283 1510 1309 se
1529 1271 1616 1309 fert.
1653 1270 1737 1309 Iam

208 1333 275 1381 qui
300 1332 425 1384 Kosta
453 1332 733 1382 intelligendus
763 1331 831 1381 sit,
862 1331 982 1381 oleat,
1014 1343 1101 1369 cum
1128 1330 1266 1369 scitum
1292 1330 1345 1368 sit
1369 1330 1561 1381 Kostam
1586 1328 1737 1367 Lucae

207 1390 364 1428 filium
395 1390 743 1429 Baalbecenum
778 1390 923 1428 librum
959 1390 1223 1439 agriculturae
1257 1388 1428 1426 Graecae
1459 1387 1624 1426 Arabice
1653 1399 1738 1426 ver-

208 1462 293 1487 sum
314 1449 492 1488 edidisse.
534 1449 696 1487 Accedit
714 1450 759 1486 ut
779 1450 921 1498 aetate,
946 1447 1033 1498 fide,
1056 1447 1208 1498 studiis,
1227 1447 1421 1496 scriptura
1438 1446 1541 1484 inter
1561 1446 1737 1496 Kostam,

208 1507 317 1545 cuius
350 1507 556 1546 translatio
589 1510 650 1546 est
679 1508 720 1545 in
750 1507 879 1545 codice
903 1506 1174 1556 Lugdunensi,
1205 1508 1245 1544 et
1269 1505 1436 1557 Kostam
1460 1503 1589 1542 Lucae
1613 1503 1736 1542 filium

208 1566 424 1606 conveniat.
460 1565 605 1604 Filium
622 1566 751 1604 Lucae
777 1565 1035 1604 clarissimum
1060 1565 1171 1602 illum
1193 1562 1468 1614 philosophum
1487 1565 1527 1601 et
1544 1561 1735 1600 medicum

208 1626 373 1662 exeunte
405 1625 558 1663 saeculo
586 1637 687 1663 nono
713 1623 763 1662 ad
788 1625 918 1662 aulam
942 1623 1211 1672 chalipharum
1237 1623 1438 1660 evocatum
1464 1633 1549 1660 esse
1574 1622 1736 1659 constat.

212 1682 346 1720 Versio
366 1682 535 1721 Arabica
552 1683 825 1732 Lugdunensis
850 1685 935 1720 tum
959 1682 1147 1731 temporis
1172 1681 1327 1720 condita
1351 1692 1436 1718 esse
1458 1679 1624 1728 videtur,
1648 1691 1736 1717 cum

208 1741 257 1779 ad
282 1743 387 1779 artes
408 1741 667 1792 scientiaeque
689 1741 866 1779 Arabum
885 1740 1022 1790 lingua
1039 1740 1272 1789 litteraeque
1290 1738 1469 1777 Persicae
1488 1737 1738 1776 conferebant

206 1800 436 1850 plurimum,
478 1802 524 1837 ut
563 1812 727 1849 quarum
763 1799 933 1848 vestigia
967 1799 1115 1848 passim
1150 1797 1191 1836 in
1221 1797 1350 1836 codice
1382 1795 1638 1846 Lugdunensi
1668 1807 1734 1845 pa-

207 1860 326 1896 teant.
376 1858 420 1896 Id
452 1861 585 1897 autem
613 1858 778 1896 maxime
803 1857 971 1907 quadrat
995 1857 1044 1895 ad
1070 1855 1362 1906 magnificorum
1386 1855 1544 1893 illorum
1572 1853 1736 1892 Abbasi-

208 1917 345 1954 darum
370 1918 559 1964 aetatem,
584 1917 651 1966 qui
675 1916 845 1965 undique
870 1928 911 1954 se
937 1915 1102 1954 Persicis
1127 1913 1304 1963 ingeniis,
1330 1913 1494 1963 artibus,
1519 1911 1731 1961 splendori-

207 1976 293 2025 bus,
317 1975 484 2013 lautitiis
509 1975 728 2026 cingebant.
772 1973 883 2012 Fidei
903 1973 1067 2024 Kostam
1087 1972 1216 2011 Lucae
1240 1971 1365 2010 filium
1389 1971 1588 2009 addictum
1614 1970 1734 2009 fuisse

208 2032 455 2072 Christianae
487 2033 628 2071 scitum
652 2035 722 2072 est.
771 2032 895 2082 Atqui
919 2032 959 2070 in
984 2031 1112 2070 codice
1137 2029 1391 2080 Lugdunensi
1416 2032 1573 2079 praeter
1597 2028 1736 2067 laudes

207 2092 281 2130 Dei
312 2093 353 2130 et
376 2092 678 2141 Muhammedis,
707 2103 804 2140 quas
836 2091 876 2128 in
906 2090 982 2128 fine
1008 2090 1250 2140 singulorum
1275 2088 1466 2126 librorum
1490 2087 1641 2125 librarii
1665 2087 1734 2125 ad-

208 2150 299 2189 dere
330 2151 473 2200 solent,
508 2150 686 2200 quamvis
711 2150 853 2198 multa,
887 2148 926 2186 id
951 2149 1055 2198 quod
1079 2150 1118 2186 et
1143 2147 1256 2196 attigi
1282 2147 1361 2185 iam
1386 2148 1425 2184 et
1450 2145 1554 2183 infra
1577 2157 1735 2184 accura-

206 2209 285 2247 tius
310 2221 543 2259 persequar,
573 2209 767 2257 interpres
793 2207 921 2246 Arabs
947 2219 991 2245 ex
1017 2206 1180 2245 arbitrio
1207 2217 1277 2243 suo
1303 2204 1535 2253 mutaverit,
1561 2203 1735 2242 Moham-

207 2267 395 2306 medanae
425 2267 624 2316 religionis
654 2266 796 2305 indicia
826 2265 937 2303 nulla
967 2277 1130 2314 usquam
1161 2263 1324 2313 reperiri
1354 2264 1529 2312 possunt.
1586 2262 1735 2300 Deinde

207 2327 425 2365 versionem
448 2325 750 2375 Lugdunensem
775 2337 799 2363 a
822 2323 970 2363 medico
996 2323 1212 2362 confectam
1237 2333 1321 2360 esse
1346 2321 1579 2371 putaverim.
1628 2319 1735 2366 Quae

208 2385 311 2423 enim
348 2385 396 2422 de
433 2385 602 2422 sanitate
639 2384 839 2422 hominum
874 2384 1082 2432 praecepta
1115 2381 1156 2419 in
1186 2380 1399 2429 exemplari
1429 2379 1503 2418 sibi
1536 2379 1736 2428 proposito

208 2443 352 2493 ubique
377 2442 554 2491 dispersa
576 2442 818 2492 inveniebat,
850 2440 1041 2490 singulari
1067 2452 1160 2479 cura
1184 2438 1360 2488 collegit,
1386 2437 1444 2476 ita
1467 2438 1514 2475 ut
1537 2438 1736 2486 proprium

207 2501 351 2539 librum
386 2501 595 2539 efficerent.
651 2500 822 2538 Medicae
858 2511 951 2538 vero
988 2499 1067 2537 arti
1102 2497 1350 2548 praecipuam
1381 2507 1540 2545 operam
1571 2507 1735 2534 navasse

208 2559 377 2613 Kostam
396 2559 525 2598 Lucae
550 2559 674 2597 filium
697 2558 801 2597 inter
825 2570 971 2608 omnes,
996 2558 1062 2607 qui
1087 2557 1133 2596 de
1157 2569 1201 2595 eo
1221 2557 1323 2605 sunt,
1347 2555 1525 2593 auctores
1545 2555 1735 2593 convenit.

209 2618 412 2668 Scriptura
442 2617 607 2668 denique
640 2616 733 2667 quin
763 2616 892 2655 Lucae
922 2615 1027 2654 filius
1058 2615 1099 2653 in
1129 2613 1305 2654 confiniis
1330 2612 1465 2663 Syriae
1489 2612 1736 2661 Arabiaeque

209 2680 342 2725 natus,
368 2676 435 2727 qui
458 2677 498 2714 in
524 2675 807 2726 Mesopotamia
829 2675 995 2713 maxime
1018 2674 1141 2713 vitam
1167 2673 1338 2723 degeret,
1363 2669 1530 2709 Cufitica
1551 2682 1647 2709 usus
1672 2671 1735 2718 sit,

211 2748 289 2774 non
313 2735 430 2774 debet
454 2734 637 2773 dubitari.
687 2732 991 2772 consonantium
1018 2734 1148 2771 autem
1172 2732 1406 2777 litterarum,
1430 2740 1526 2778 quas
1550 2729 1590 2767 in
1613 2729 1736 2767 nomi-

210 2794 326 2833 nibus
363 2793 522 2832 Graecis
559 2793 676 2831 codex
715 2791 988 2842 Lugdunensis
1025 2790 1198 2838 exhibet,
1240 2787 1549 2839 permutationes
1584 2786 1661 2825 nisi
1696 2787 1736 2825 in

210 2853 404 2902 scriptura
423 2851 588 2890 Cufitica
611 2851 696 2889 fieri
722 2862 799 2890 non
823 2852 1015 2900 poterant.
1025 2843 1093 2902 ¹⁵⁰)
1142 2848 1280 2898 Itaque
1304 2846 1485 2885 universa
1509 2857 1625 2884 causa
1643 2845 1737 2884 illuc

211 2911 324 2962 redit,
348 2914 394 2949 ut
419 2922 664 2961 quaeramus,
689 2922 795 2948 num
815 2908 1013 2958 Kostam
1032 2907 1185 2946 Lucae
1210 2905 1367 2945 filium
1393 2904 1533 2944 etiam
1559 2903 1736 2943 Rhases
