1820 3126
569 113 863 152 Lucubrationes
888 110 1175 156 Syro-Graecae.
1566 104 1652 146 505

218 231 298 266 320.
324 226 468 263 Primus
495 224 665 271 quamvis
691 221 904 258 dubitanter
926 218 1123 266 proposuit
1147 216 1419 254 Gildemeister.

218 280 299 312 321.
325 272 587 311 Gildemeister
611 272 636 308 l.
657 271 682 308 1.
707 283 743 317 p.
762 271 848 314 444;
875 267 1076 304 Hoffmann
1100 266 1125 302 1.
1145 266 1168 301 l.

218 327 297 360 322.
322 321 522 358 Hoffmann
546 320 571 357 1.
591 320 615 357 1.

218 376 296 408 323.
321 369 522 406 Hoffmann
545 369 569 404 l.
590 367 614 403 l.
639 378 675 413 p.
697 368 798 402 1231.

218 422 297 456 324.
323 415 584 454 Gildemeister
606 416 631 451 1.
652 415 676 452 l.
701 425 736 460 p,
757 416 836 449 447.

219 480 298 515 325.
324 475 588 513 Gildemeister
619 474 644 511 1.
672 475 697 511 1.
726 484 762 518 Ρ.
788 474 856 507 449
889 469 1036 506 collatis
1066 467 1237 505 Arabicis
1254 464 1395 528 2⁸»AE
1420 467 1458 503 et
1468 462 1607 526 )⁸>·³²³‘

218 546 298 580 326.
323 541 525 578 Hoffmann
548 541 573 576 1.
593 540 619 575 l.

218 595 299 627 327.
323 589 522 626 Hoffmann
546 588 570 624 1.
590 588 615 624 1.

219 643 300 675 328.
326 637 427 674 Conf.
453 637 480 672 I.
501 635 535 672 S.
556 639 613 679 32,
634 638 689 671 18.
715 654 760 661 ——
786 632 987 668 Hoffmann
1011 631 1079 681 121.

220 691 300 723 329.
326 683 586 722 Gildemeister
608 683 633 718 1.
653 683 677 719 1.
704 694 739 728 p.
760 684 840 718 452.

219 738 300 770 330.
324 733 523 769 Hoffmann
549 731 573 768 l.
592 732 617 766 l.

220 785 299 818 331.
325 780 523 817 Hoffmann
548 778 616 815 1.1.
642 790 678 824 p,
700 781 802 814 1231.

221 834 301 866 332.
327 827 589 864 Gildemeister
613 826 638 862 1.
658 827 682 862 1.
707 838 744 872 p.
764 828 844 861 454.

221 882 301 914 333.
326 875 526 913 Hoffmann
550 875 574 911 1.
594 874 619 911 l.

221 930 301 962 334.
325 924 395 969 Ita,
420 924 463 959 ut
486 922 712 969 respondeat
735 922 763 957 Ι.
784 921 820 957 S.
840 923 897 966 42,
919 921 962 954 15
987 918 1122 964 lamb.
1149 937 1193 944 —
1218 915 1418 952 Hoffmann
1442 915 1467 952 1.
1487 916 1511 952 1.

222 977 302 1009 335.
328 971 590 1007 Gildemeister
613 971 637 1007 l.
657 970 682 1005 1.
708 981 744 1015 p.
764 971 845 1004 458.

223 1025 302 1057 336.
328 1018 528 1055 Hoffmann
553 1018 690 1054 collato
715 1018 797 1053 loco
822 1014 986 1051 Festival
1011 1014 1141 1050 letters
1167 1013 1210 1048 of
1223 1012 1453 1049 Athanasius
1473 1012 1530 1048 ed.
1551 1011 1662 1047 Cure-

107 1070 173 1105 ton
198 1072 255 1113 26,
275 1073 309 1104 9.
346 1067 442 1102 Add.
467 1066 566 1102 Ioan.
594 1077 650 1112 ep.
679 1066 741 1100 As.
768 1063 901 1100 Chron.
927 1061 968 1099 B.
990 1061 1032 1099 Ο.
1050 1062 1068 1097 Ι
1086 1074 1122 1108 p.
1143 1064 1224 1097 380.

221 1120 302 1152 337.
328 1114 589 1151 Gildemeister
614 1114 637 1149 1.
658 1113 681 1149 l.
707 1125 744 1158 p.
763 1114 844 1148 461.

222 1167 302 1200 338.
329 1161 591 1198 Gildemeister
615 1161 639 1198 l.
659 1161 683 1196 1.
709 1173 745 1206 p.
766 1164 847 1195 462.

222 1216 302 1248 339.
329 1213 417 1256 ἔριν.
456 1209 557 1247 Conf.
578 1208 658 1245 Pes.
677 1207 812 1244 Matth.
834 1210 877 1242 12
904 1210 924 1249 ἓ
945 1209 1004 1250 19,
1034 1204 1085 1241 St.
1105 1204 1308 1250 Ephraemi
1333 1204 1500 1240 carmina
1523 1203 1665 1239 selecta

105 1260 161 1297 ed.
186 1260 296 1296 Hahn
323 1260 360 1295 et
386 1257 535 1293 Sieffert
552 1258 568 1292 Ι
588 1259 645 1302 11,
666 1259 726 1301 17ς
754 1254 858 1291 XVII
877 1258 915 1298 23
941 1253 1029 1289 XIX
1050 1256 1105 1289 10.
1127 1273 1170 1278 —
1190 1253 1393 1289 Hoffmann
1411 1252 1437 1287 1.
1458 1252 1482 1289 l.
1501 1263 1538 1297 p.
1560 1253 1663 1286 1232.

226 1316 306 1348 340.
330 1311 529 1348 Hoffmann
548 1310 573 1346 l.
592 1310 617 1345 1.
636 1322 672 1356 p.
689 1312 791 1345 1231.
819 1330 864 1335 —
888 1308 977 1349 ..z-,l
995 1317 1140 1353 semper
1159 1317 1308 1342 sensum
1327 1306 1444 1343 habet
1461 1305 1665 1341 inimicum.

108 1367 212 1405 Conf.
247 1366 422 1402 Barhebr.
458 1364 573 1400 schol.
608 1364 648 1399 in
681 1362 790 1400 Hiob.
816 1362 850 1397 X
869 1366 912 1398 17
949 1361 1167 1406 (Chrestom.
1202 1359 1347 1397 Kirscb.
1381 1359 1438 1396 ed.
1472 1358 1667 1395 Bernstein

103 1434 140 1466 p.
162 1423 241 1483 149,
261 1421 314 1465 9);
351 1420 380 1456 Ι.
401 1419 436 1455 S.
463 1422 527 1464 60,
549 1421 604 1454 19.
636 1436 683 1444 -
715 1416 853 1453 Contra
884 1416 955 1458 ω]
979 1432 1024 1445 =
1047 1415 1346 1460 προκαλέεαεθαι.
1395 1414 1483 1450 Luc.
1515 1414 1562 1450 de
1595 1412 1664 1450 cal.

104 1469 130 1504 I·
158 1471 192 1504 b·
215 1470 375 1551 13943·οὐ
402 1516 555 1560 εφόδρα.
583 1535 627 1540 -
652 1512 852 1549 Hoffmann
876 1511 900 1547 l.
920 1510 944 1548 1.
971 1523 1007 1557 p.
1030 1514 1131 1547 1232.

225 1567 305 1600 342.
333 1565 476 1599 Νιεαῑον
501 1563 625 1598 ἵππον.
653 1582 696 1587 -
722 1559 923 1596 Hoffmann
940 1559 963 1594 1.
984 1559 1008 1595 1.
1031 1579 1075 1585 —
1094 1557 1281 1594 Nimirum
1305 1559 1345 1594 in
1364 1559 1533 1604 exemplo
1553 1559 1666 1594 inter-

108 1611 206 1659 preti
229 1611 421 1658 proposito
447 1610 636 1647 exciderat
654 1610 747 1645 κύνα
765 1609 831 1653 ita,
856 1607 900 1643 ut
919 1607 964 1642 de
984 1607 1127 1643 duobus
1148 1617 1326 1652 equorum
1346 1606 1544 1653 generibus
1565 1606 1666 1653 cogi-

108 1662 223 1704 tares,
254 1669 405 1695 necesse
436 1659 542 1694 esset.
594 1658 696 1702 Quae
721 1657 764 1692 ut
786 1666 919 1702 parum
944 1654 1017 1690 sibi
1044 1656 1082 1691 et
1105 1654 1349 1701 popularibus
1375 1654 1530 1701 cognita
1555 1654 1666 1701 Syrus

109 1730 247 1767 diserte
273 1728 482 1776 significare
509 1728 714 1775 supersedit
738 1727 902 1764 scribens
928 1724 1076 1769 udins>
1099 1725 1182 1768 1223
1207 1736 1346 1772 „equos
1372 1724 1528 1762 claros“.

229 1793 307 1827 343.
333 1790 623 1833 ἑπιβουλότατοι.
672 1787 775 1824 Conf.
807 1786 894 1823 Luc.
927 1787 973 1822 de
1005 1786 1074 1821 cal.
1100 1786 1127 1822 I.
1154 1785 1189 1822 S.
1216 1791 1250 1831 3,
1272 1789 1333 1831 11,
1363 1789 1398 1831 4,
1421 1790 1482 1830 13;
1513 1784 1584 1822 Ios.
1611 1784 1664 1820 Fl.

110 1839 156 1874 de
179 1837 266 1875 bell.
286 1836 364 1873 Iud.
391 1836 490 1883 (vide
514 1837 563 1872 sis
589 1836 845 1882 apographum
870 1833 1307 1881 photolithographicum
1327 1833 1464 1871 codicis
1483 1833 1563 1870 Pes.
1583 1845 1618 1869 v.
1638 1835 1665 1870 t.

109 1884 345 1922 Ambrosiani
368 1896 391 1921 a
415 1883 585 1920 Cerianio
611 1883 768 1930 editum)
794 1882 847 1919 VI
868 1887 886 1918 1
913 1885 933 1926 ξ
953 1886 985 1918 2.

227 1937 307 1969 344.
331 1932 532 1968 Hoffmann
554 1931 579 1969 l.
597 1931 622 1968 1.

227 1984 307 2018 345.
333 1980 436 2016 Conf.
460 1992 495 2026 p.
517 1983 597 2015 420.

227 2039 307 2072 346.
332 2033 466 2070 Forma
496 2037 590 2080 ροηδ-
620 2034 668 2069 ab
701 2044 844 2078 earum,
881 2043 972 2077 quas
1003 2032 1207 2068 tractamus
1238 2031 1470 2078 versionum,
1503 2031 1667 2068 dictione

109 2084 220 2131 longe
245 2082 432 2118 abhorret.

227 2134 307 2167 347.
333 2131 438 2166 οὔπω
463 2130 570 2173 λέγω.

227 2182 306 2215 348.
332 2177 532 2213 Hoffmann
555 2176 579 2213 1.
599 2176 623 2213 1.
650 2197 694 2203 -
722 2175 824 2212 Conf.
851 2176 932 2212 Pes.
957 2176 1040 2212 Act.
1065 2175 1135 2221 Ap.
1158 2179 1202 2212 18
1228 2179 1248 2219 ξ
1267 2179 1324 2212 27.

227 2230 307 2263 349.
332 2225 455 2261 Nocet
482 2224 569 2260 huic
600 2227 664 2271 (sc.
695 2234 762 2270 per
787 2234 897 2269 quem
922 2224 1019 2259 male
1043 2223 1170 2270 facit),
1202 2234 1286 2260 cum
1311 2223 1415 2271 cogit
1440 2235 1523 2260 eam
1548 2223 1666 2270 impo—

110 2286 208 2321 nere,
234 2273 304 2319 illi,
330 2285 414 2309 cum
439 2273 542 2320 cogit
566 2271 756 2309 sustinere.

229 2325 308 2358 350.
336 2321 540 2364 ἐπιβουλάς.
590 2318 692 2355 Conf.
719 2319 844 2355 adnot.
866 2322 947 2355 343.

229 2373 309 2405 351.
333 2367 417 2403 Nisi
441 2368 562 2413 fallor,
587 2368 626 2403 ἐν
650 2371 705 2414 τῷ
731 2366 961 2413 δικαστηρίῳ.

229 2421 310 2453 352.
334 2417 379 2452 τὸ
405 2416 445 2451 δὲ
468 2416 704 2459 γυναικῶδες.

232 2468 313 2501 353.
339 2464 450 2499 οὗτος
473 2462 628 2499 ἐναλίων
652 2464 760 2509 ζῴων
785 2464 844 2498 καὶ
867 2464 991 2499 πεζῶν
1015 2463 1075 2498 καὶ
1099 2462 1235 2507 ἀερίων
1259 2463 1385 2508 φύεειε
1410 2463 1569 2507 ἐχώριεε.

229 2515 310 2548 354.
336 2512 477 2547 δυνατὰ
501 2513 703 2546 metm-ocu.

231 2562 311 2596 355.
337 2559 503 2595 εὐδοξίας
526 2561 740 2603 χαρακτῆρα
763 2561 842 2594 τοῖς
864 2558 985 2603 ἔργοις
1009 2558 1194 2603 ἐπέβαλεν.

230 2610 310 2644 356.
336 2608 486 2651 μάλιστα
511 2607 544 2642 δ’
569 2607 614 2641 ἂν
637 2605 912 2651 παροξυνθείηε.

113 2711 193 2746 bum
218 2663 314 2745 e3⁸27.
338 2665 417 2697 τοῖς
452 2660 492 2695 δέ
526 2657 744 2695 επουδαίοιε.
794 2680 870 2720 ..Q
890 2669 934 2694 ex
965 2659 1274 2696 antecedentibus
1305 2670 1500 2706 perperam
1531 2658 1669 2707 repeti-

235 2765 317 2799 358.
342 2762 442 2798 Bene
466 2760 607 2807 primus
632 2758 873 2795 Hoffmannus
897 2761 1043 2797 monuit
1067 2762 1106 2797 et
1124 2760 1333 2797 versionem
1351 2760 1454 2798 vocis
1474 2761 1668 2797 ἀπόεταειν

117 2810 321 2847 desiderari
351 2820 472 2855 neque
504 2819 601 2852 esse,
634 2817 706 2852 quo
735 2807 933 2844 referretur
965 2819 1169 2855 pronomen
1201 2807 1389 2853 suffixum,
1424 2809 1525 2854 quod
1549 2808 1670 2845 estin

116 2870 265 2918 ‹nup-
310 2862 383 2899 Sed
409 2862 506 2908 quod
531 2863 554 2898 1.
574 2861 599 2899 l.
620 2874 656 2908 p.
676 2865 766 2897 1229
786 2860 1018 2898 scribendum
1039 2873 1120 2897 esse
1137 2860 1315 2907 proponit
1337 2863 1394 2925 ³03
1411 2868 1495 2909 ιγ.»
1519 2862 1557 2898 id
1576 2862 1671 2898 mihi

119 2923 266 2960 videtur
290 2922 403 2970 paulo
428 2921 646 2960 temerarius
673 2923 712 2958 et
735 2920 972 2959 artificiosius
998 2920 1254 2968 excogitatum
1278 2932 1371 2959 esse.
