1820 3126
568 157 863 194 Lucubrationee
889 156 1177 203 Syro-Graecae.
1569 154 1655 197 395

102 275 182 314 Sub
207 274 325 312 finem
349 272 483 311 autem
507 270 601 309 libri
626 270 688 309 sui
706 269 806 309 VIII
827 269 952 322 Kost'a
970 270 1055 320 ipse
1075 271 1139 308 sat
1157 269 1273 309 claris
1292 268 1424 308 verbis
1444 267 1654 319 significat,

99 346 198 385 quae
234 333 275 372 in
311 331 488 380 exemplo
520 329 683 380 Syriaco
720 330 768 368 de
806 342 902 368 cura
938 329 1136 368 mulorum
1175 332 1216 368 et
1246 341 1486 380 onagrorum
1515 330 1656 367 notata

101 395 232 445 erant,
265 404 312 431 ea
345 390 525 430 consulto
557 402 581 428 a
614 402 656 428 se
685 389 907 439 praeteriri.
962 388 1144 440 Denique
1176 389 1428 440 singulorum
1459 387 1654 426 librorum

101 451 285 493 circuitus
310 451 351 489 in
376 449 558 489 versione
578 448 750 487 Arabica
774 448 936 487 minime
963 450 1130 488 constat.
1175 448 1289 487 Libri
1308 447 1366 486 IV
1385 449 1426 486 et
1444 446 1481 484 V
1501 448 1654 486 ceteros

99 512 240 551 mirum
273 510 314 549 in
341 509 501 548 modum
527 508 802 560 magnitudine
827 510 1030 558 superant.
1080 508 1213 559 Atque
1239 507 1277 545 V
1302 507 1473 558 quidem,
1500 506 1570 557 qui
1595 509 1656 546 est

99 572 148 610 de
172 571 328 610 cultura
352 569 557 618 arborum,
587 568 873 618 amplificatum
899 581 986 607 esse
1011 567 1062 606 ab
1088 568 1221 607 Arabe
1246 568 1364 607 facile
1390 566 1654 617 cognoscitur,

98 643 185 670 cum
210 630 252 668 in
274 629 347 669 hoc
366 629 469 667 libro
488 627 658 667 maxime
679 627 905 678 orientales,
930 629 978 666 de
997 627 1141 678 quibus
1161 628 1277 667 modo
1297 626 1445 677 monui,
1471 628 1654 666 auctores

98 690 282 731 videatur
313 687 550 728 adhibuisse.
605 687 654 726 In
683 687 829 726 librum
855 687 914 726 IV
944 700 1058 738 vero,
1089 700 1178 727 cum
1211 687 1260 726 ab
1292 687 1481 726 Anatolio
1512 686 1655 725 vitium

99 750 297 789 culturam
339 747 535 798 singulari
573 747 791 786 luculentia
831 747 1050 798 expositam
1089 759 1175 786 esse
1212 749 1296 786 tam
1335 760 1382 785 ex
1420 745 1656 796 Geoponicis

98 808 260 848 Graecis
292 820 411 858 quam
445 820 492 847 ex
524 808 698 858 epitoma
723 806 888 858 Syriaca
919 807 1102 858 cognosci
1125 807 1271 858 possit,
1303 819 1418 846 nemo
1443 819 1522 845 non
1546 805 1658 845 videt

98 869 320 919 complures
351 867 473 906 libros
506 867 636 917 Sergii
668 869 868 906 coartatos
899 879 996 906 esse.
1047 866 1172 913 Quam
1204 867 1370 905 licenter
1398 866 1526 918 Kosta
1557 878 1656 915 opus

101 928 337 979 Sergianum
363 927 629 976 constituerit,
654 939 772 976 porro
798 926 893 966 libri
918 927 1004 966 eius
1023 926 1080 965 Χῖ
1106 929 1147 966 et
1171 926 1249 965 ΧΠ
1273 925 1560 974 demonstrant,
1587 925 1655 963 ubi

100 987 322 1038 composuit
344 989 559 1038 praecepta
582 987 796 1025 maximam
820 989 977 1036 partem
1002 987 1171 1036 medica,
1203 999 1324 1037 quae,
1351 986 1420 1025 ubi
1444 985 1654 1035 proferret,

100 1061 173 1098 pro
210 1047 411 1097 universa,
449 1058 568 1097 quam
602 1048 734 1085 mente
766 1045 842 1085 sibi
874 1046 1101 1098 effinxerat,
1140 1045 1398 1097 dispositione
1429 1045 1658 1096 argumenti

101 1120 180 1146 non
203 1107 381 1146 haberet.
425 1105 573 1145 Contra
598 1105 768 1144 diarium
787 1106 991 1156 rusticum,
1017 1106 1122 1157 quod
1142 1107 1183 1145 et
1201 1105 1412 1145 Anatolius
1432 1106 1474 1144 et
1494 1104 1657 1156 Sergius

99 1167 261 1218 proprio
287 1166 390 1205 libro
415 1166 640 1216 complexus
667 1168 771 1216 erat,
805 1165 939 1205 omisit
962 1166 1028 1206 vel
1052 1166 1204 1216 potius,
1230 1178 1333 1216 quae
1358 1165 1415 1204 ibi
1440 1164 1658 1215 composita

101 1228 217 1266 erant
252 1227 479 1276 praecepta,
516 1238 588 1275 per
624 1227 776 1265 ceteros
814 1225 937 1265 libros
975 1219 1274 1279 distribuit.²¹⁹)
1304 1245 1363 1252 —
1394 1225 1455 1263 Ex
1491 1225 1658 1264 adverso

100 1286 241 1326 merito
279 1298 303 1324 a
334 1284 530 1324 Gemollio
566 1287 606 1324 et
637 1283 766 1324 odero
798 1285 838 1323 in
870 1285 1034 1324 dubium
1065 1287 1249 1325 vocatum
1281 1297 1384 1335 esse,
1422 1285 1660 1323 librorum

99 1358 217 1398 quae
249 1347 323 1384 est
351 1345 399 1384 in
430 1345 591 1384 codice
616 1344 910 1384 Londinensi
942 1345 1202 1396 dispositio
1241 1358 1338 1384 num
1364 1345 1528 1395 antiqua
1553 1347 1660 1383 esset

100 1409 141 1445 et
175 1404 366 1456 genuina,
400 1417 479 1443 non
512 1417 674 1454 possum
704 1405 928 1445 concedere.
985 1405 1042 1444 Ut
1073 1406 1272 1456 omittam,
1308 1418 1409 1455 quae
1440 1404 1659 1443 Gemollius

101 1466 285 1516 protulit,
323 1466 560 1515 argumenta
589 1465 701 1503 nulla
733 1458 917 1518 esse²⁹⁴⁰)‚
955 1465 1026 1504 illa
1057 1465 1250 1504 librorum
1282 1464 1488 1514 dispositio
1520 1464 1570 1502 ab
1603 1476 1660 1515 eo,

102 1526 171 1576 qui
206 1525 420 1576 epitomam
454 1523 745 1563 Londinensem
781 1523 974 1576 condidit,
1013 1525 1169 1564 omnino
1204 1538 1282 1564 non
1315 1526 1449 1575 potest
1483 1524 1662 1574 profecta

103 1597 202 1625 esse.
253 1583 402 1631 Quodsi
432 1584 500 1623 ille
525 1596 669 1623 novam
694 1584 986 1636 constituisset,
1012 1585 1179 1636 singulis
1204 1585 1318 1623 libris
1345 1597 1409 1634 ea,
1443 1597 1544 1635 quae
1571 1597 1660 1623 cum

100 1645 289 1694 cuiusque
322 1644 526 1695 universo,
556 1644 660 1694 quod
691 1646 823 1683 mente
856 1645 1071 1696 statuerat,
1100 1647 1336 1697 argumento
1363 1644 1662 1695 conveniebant,

102 1705 234 1755 capita
262 1703 482 1743 tribuisset.
531 1702 658 1754 Atqui
689 1706 828 1743 contra
859 1703 1032 1743 vidimus
1055 1717 1237 1755 pugnare
1261 1717 1340 1744 non
1363 1716 1455 1743 raro
1482 1704 1661 1743 ordinem

101 1764 293 1814 capitum,
324 1763 394 1813 qui
418 1765 479 1802 est
502 1763 543 1801 in
569 1763 742 1813 epitoma
766 1763 1026 1815 Londinensi,
1059 1777 1147 1803 cum
1173 1764 1432 1814 dispositione
1457 1764 1662 1803 librorum.

103 1823 289 1874 Capitum
319 1835 412 1862 vero
443 1822 539 1862 ordo
565 1823 752 1874 antiquus
778 1835 863 1863 esse
888 1836 967 1863 non
992 1826 1142 1875 potest,
1180 1824 1285 1874 quod
1308 1837 1388 1864 non
1414 1824 1543 1863 solum
1570 1837 1661 1863 cum

101 1882 361 1934 dispositione
397 1882 467 1922 sed
503 1882 622 1922 etiam
658 1895 747 1922 cum
782 1884 935 1923 ratione
968 1884 1056 1934 ipsa
1086 1887 1128 1923 et
1159 1886 1304 1923 natura
1334 1884 1392 1923 rei
1424 1884 1658 1935 saepissime

101 1944 267 1993 pugnat.
309 1942 448 1992 Neque
472 1942 597 1993 igitur
615 1941 702 1981 fieri
720 1945 864 1994 potest,
891 1944 986 1994 quin
1005 1943 1182 1984 ordinem
1204 1944 1380 1994 capitum
1398 1945 1661 1995 neglegenter

102 2005 143 2042 et
163 2015 210 2042 ex
223 2004 338 2052 parte
357 2014 566 2053 perperam
580 2002 841 2041 constitutum
861 2003 908 2051 ei,
930 2004 998 2054 qui
1011 2003 1246 2054 Sergianum
1266 2016 1366 2055 opus
1384 2004 1427 2042 in
1446 2006 1663 2056 angustum

101 2062 240 2114 coegit,
264 2062 457 2101 librorum
476 2062 778 2113 dispositionem
796 2063 874 2113 ipsi
894 2063 1034 2114 Sergio
1053 2063 1311 2104 vindicemus.
1356 2063 1541 2103 Efficitur
1561 2063 1664 2102 uni-

101 2134 290 2161 versum
314 2121 576 2172 Sergianae
607 2122 848 2162 versionis
882 2123 1195 2163 simulacrum
1226 2124 1379 2163 multo
1409 2124 1591 2163 clarius
1618 2126 1666 2163 et

102 2181 377 2220 accuratius
411 2194 465 2220 ex
493 2181 704 2232 epitoma
728 2181 1022 2222 Londinensi
1046 2196 1184 2234 quam
1209 2196 1262 2223 ex
1287 2183 1494 2223 Arabico
1521 2195 1664 2234 opere

102 2241 283 2294 Kostae
307 2241 504 2291 percipi.

227 2300 344 2340 Nunc
370 2314 461 2340 vero
485 2313 588 2341 nova
611 2301 827 2341 difficultas
853 2302 950 2341 oriri
973 2302 1132 2342 videtur
1156 2302 1260 2354 inde,
1289 2303 1411 2354 quod
1435 2305 1665 2354 quatuor-

104 2360 255 2399 decim
296 2360 414 2399 libri
458 2363 569 2400 sunt
611 2358 850 2411 epitomae
887 2362 1223 2415 Londinensis‚
1267 2363 1463 2414 eclogas
1508 2365 1667 2402 autem

106 2419 327 2459 Anatolii
356 2421 404 2458 in
436 2420 682 2460 duodecim
706 2421 862 2461 libros
888 2421 1180 2472 dispertitas
1206 2423 1357 2462 fuisse
1383 2423 1666 2463 testimonio

105 2479 268 2519 Photii
301 2479 478 2519 scitum
510 2482 593 2520 est.
644 2479 753 2527 Quae
776 2481 866 2520 tolli
891 2494 969 2521 non
994 2484 1128 2532 potest
1150 2483 1240 2522 nisa
1263 2483 1338 2533 ita,
1370 2485 1416 2522 ut
1442 2485 1666 2523 statuamus

105 2541 177 2578 aut
207 2540 384 2591 integros
422 2539 545 2578 libros
575 2539 672 2579 xm
712 2542 752 2580 et
781 2540 876 2580 XIV
908 2541 991 2581 sive
1023 2541 1073 2581 ab
1104 2542 1191 2592 ipso
1223 2542 1363 2593 Sergio
1403 2543 1487 2582 sive
1526 2544 1576 2582 ab
1609 2556 1667 2592 eo,

106 2598 175 2650 qui
205 2599 419 2650 epitomam
449 2599 737 2639 Londinensem
769 2600 962 2652 condidit,
1003 2601 1159 2641 additos
1187 2615 1274 2641 esse
1305 2604 1378 2641 aut
1408 2603 1668 2642 constitutam

106 2670 131 2696 a
156 2658 292 2709 Sergio
317 2659 435 2708 plane
460 2671 602 2699 novam
634 2671 768 2698 rerum
799 2660 1098 2710 dispositionem
1130 2663 1171 2700 et
1196 2663 1246 2701 ab
1272 2661 1410 2701 ordine
1435 2662 1665 2714 eclogarum

106 2717 283 2758 Anatolii
320 2717 528 2758 diversam.
590 2718 716 2770 Atqui
752 2731 802 2758 ne
833 2720 1010 2772 integros
1044 2721 1167 2759 libros
1200 2721 1299 2759 xm
1330 2724 1370 2760 et
1400 2722 1495 2760 XIV
1527 2721 1666 2774 Sergio

110 2776 399 2829 abiudicemus,
426 2778 624 2817 scribendi
648 2778 890 2831 docendique
915 2780 1017 2819 ratio
1044 2780 1195 2830 obstat,
1221 2793 1322 2831 quae
1348 2781 1487 2820 eadem
1512 2784 1573 2821 est
1597 2795 1669 2833 per

111 2849 246 2876 omnes
274 2838 571 2888 quatuordecim
597 2837 733 2878 libros.
783 2838 968 2890 Accedit,
998 2841 1045 2879 ut
1069 2852 1118 2878 ne
1143 2840 1204 2878 illi
1230 2840 1390 2891 quidem
1415 2841 1509 2880 libri
1534 2843 1668 2892 negle-

109 2896 256 2948 gentiis
282 2897 468 2948 vitiisque
493 2899 671 2947 careant,
704 2910 823 2948 quae,
850 2898 942 2938 dum
969 2898 1098 2950 Sergii
1124 2911 1223 2949 opus
1247 2900 1286 2938 in
1314 2903 1528 2952 angustum
1554 2914 1666 2951 coge-

115 2957 238 3006 retur,
264 2956 511 3007 subrepsisse
536 2957 720 2997 vidimus.
772 2956 915 2998 Carere
940 2961 1074 2998 autem
1099 2971 1259 2999 necesse
1284 2962 1383 3012 erat,
1409 2960 1444 2999 si
1469 2961 1519 2999 ab
1545 2961 1667 3011 epito-
