1820 3126
0 2247 13 2288 :1²⁵1
0 2140 10 2242 »π’-τ’«τ-ἰτ-νε
0 2122 5 2127 v
0 2079 4 2096 v*
0 2063 4 2072 v·
0 2053 8 2058 ε

575 141 870 179 Lucubrationes
897 137 1181 186 Syro-Graecae.
1569 135 1655 177 509

215 257 294 290 432.
321 252 425 289 Conf.
438 251 548 287 Isocr.
562 251 610 286 ad
623 250 728 286 Dem.
741 250 785 285 A.
801 248 996 292 S.169,29;
1012 249 1092 292 170,
1102 251 1158 292 26,
1173 249 1236 290 273
1251 245 1337 281 Luc.
1351 245 1398 281 (16
1411 243 1480 280 cal.
1494 242 1521 280 I.
1537 242 1570 279 S.
1582 247 1614 288 6,
1624 247 1657 279 3.

216 305 295 338 433.
322 300 423 336 Conf.
454 299 565 336 Isocr.
592 299 639 333 ad
664 298 768 333 Dem.
796 297 837 331 A.
860 295 894 332 S.
924 298 1003 340 171,
1023 298 1079 331 28.

214 351 295 385 434.
320 348 502 394 Exempla
526 347 657 383 afferre
682 346 836 390 longum
861 346 952 380 erat.

214 404 295 438 435.
320 401 379 436 Ita
402 401 462 446 fit,
494 402 538 436 ut
567 397 805 446 participium
834 396 1043 443 praesentis
1069 395 1249 433 Graecum
1281 394 1510 442 exprimatur
1538 391 1656 439 parti-

97 457 194 503 cipio
218 455 347 491 iuncto
373 465 456 490 cum
481 453 648 500 perfecto
674 451 779 488 verbi
803 452 874 496 loo,
899 450 1012 487 Arist.
1040 451 1085 486 de
1111 451 1236 487 mund.
1261 449 1305 486 A.
1326 449 1361 485 S.
1389 451 1475 493 151,
1503 451 1566 493 11,
1594 450 1656 490 123

94 511 207 546 Isocr.
226 509 272 545 A.
293 507 327 544 S.
350 511 428 553 174,
449 512 511 551 223
537 507 626 543 Luc.
652 507 697 543 de
723 505 792 542 cal.
817 510 851 550 2,
873 509 934 548 243
960 510 995 550 3,
1015 509 1047 550 3,
1070 509 1106 549 7;
1133 507 1167 548 4,
1187 507 1220 546 4,
1241 506 1274 547 5,
1296 506 1328 548 6,
1349 505 1405 547 11,
1428 505 1488 546 12;
1516 504 1572 546 11,
1592 503 1658 543 2ος

97 561 140 594 12
155 586 164 604 ,
183 561 223 602 2;
249 556 346 592 Plut.
372 556 418 592 de
444 555 565 591 cohib.
590 556 631 591 ir.
660 555 703 590 A.
724 553 759 589 S.
787 557 872 598 192,
899 556 962 599 12,
983 553 1022 588 in
1047 551 1253 598 perfectum
1279 550 1447 586 transeat
1470 548 1594 585 Arist.-
1612 548 1658 583 de

95 606 220 642 mund.
246 606 288 641 A.
310 604 345 640 S.
374 607 452 648 135,
475 607 537 646 223
562 604 672 639 Isocr.
699 599 746 638 ad
773 602 876 637 Dem.
902 600 946 636 A.
967 599 1002 638 S.
1031 603 1109 644 168,
1136 604 1176 643 4ς
1203 599 1332 634 Τ116111.
1359 597 1405 633 de
1431 597 1541 633 amic.
1566 596 1593 632 I.
1621 596 1658 632 S.

94 657 158 698 48,
184 656 246 698 143
271 651 370 687 Plut.
397 651 442 687 de
469 650 591 687 cohib.
616 650 658 687 ir.
685 650 727 686 A.
749 649 783 685 S.
814 653 901 694 189,
922 651 984 692 253
1013 651 1098 692 190,
1127 651 1189 692 23,
1222 647 1382 691 denique
1407 645 1446 682 in
1473 643 1660 681 sententia

94 700 256 737 relativa
287 699 507 745 imperfecto
538 699 705 734 vertatur
733 696 844 734 Isocr.
872 697 920 733 ad
945 697 1048 732 Dem.
1075 696 1119 731 A.
1147 695 1181 730 S.
1210 698 1298 740 175,
1324 698 1388 740 25,
1418 692 1660 740 participium

98 751 223 785 autem
255 747 387 783 aoristi
419 746 600 783 Graecum
631 744 830 792 participio
864 743 1015 790 Syriaco
1049 742 1277 790 exprimatur
1306 742 1419 778 Arist.
1454 742 1500 778 de
1532 739 1658 776 mund.

94 799 137 832 A.
159 797 195 832 S.
217 799 297 841 147,
316 799 380 838 21;
410 799 488 839 152,
510 798 571 838 12;
599 797 678 838 153,
700 798 737 838 7;
768 796 845 838 154,
868 796 910 828 12
932 793 1034 839 (144,
1055 796 1075 828 6
1102 791 1253 837 legebat
1279 790 1428 836 Sergius
1454 801 1528 826 non
1554 800 1657 832 γενο-

102 845 213 889 μένου
239 843 308 879 sed
332 843 563 888 γινομένου);
589 841 698 877 Ι6001.
726 841 774 877 ad
799 840 903 877 Dem.
924 841 967 876 A.
990 841 1026 876 S.
1047 843 1125 884 168,
1146 843 1206 882 20;
1237 841 1316 883 176,
1338 842 1376 883 9;
1402 838 1489 874 Luc.
1517 837 1563 873 de
1590 837 1658 873 eal.

98 892 124 928 I.
148 891 182 928 S.
214 894 252 935 6,
281 895 316 935 1;
342 895 380 936 9,
409 895 447 934 3;
474 890 604 926 Them.
631 889 676 925 de
702 890 810 926 amic.
836 889 863 925 I.
890 887 925 926 S.
953 892 1014 934 58,
1042 892 1104 932 23;
1136 888 1234 923 Plut.
1262 886 1308 921 de
1334 885 1456 922 cohib.
1483 884 1525 921 ir.
1551 887 1595 920 A.
1623 885 1659 921 S.

101 944 188 986 189,
215 943 278 985 22,
309 940 352 974 ut
375 938 572 983 potissima
596 938 767 983 exempla
791 936 954 972 afferam.
982 956 1026 962 —
1050 937 1264 981 Perpaucae
1290 936 1377 970 sunt
1410 933 1509 969 circa
1540 932 1659 978 expri-

98 988 234 1023 menda
265 986 464 1032 participia
489 986 634 1021 Graeca
665 985 856 1030 licentiae,
889 995 984 1029 quae
1009 984 1064 1020 ita.
1089 981 1269 1029 explicari
1294 983 1490 1027 nequeant.
1541 980 1660 1016 Nimi-

99 1048 179 1071 rum
207 1033 376 1070 redditur
400 1033 640 1080 participium
665 1032 872 1078 praesentis
892 1031 1003 1067 Arist.
1031 1032 1077 1067 de
1102 1030 1228 1066 mund.
1249 1032 1292 1066 A.
1312 1030 1349 1066 S.
1371 1033 1451 1075 146,
1473 1033 1517 1064 22
1543 1027 1660 1074 parti-

99 1083 198 1129 cipio
217 1083 343 1118 iuncto
363 1092 447 1117 cum
466 1080 683 1127 imperfecto
701 1079 806 1116 verbi
825 1079 911 1123 1005,
931 1078 1175 1124 participium
1193 1078 1325 1115 aoristi
1338 1077 1451 1113 Arist.
1471 1077 1518 1112 de
1531 1076 1656 1112 mund.

102 1133 145 1167 A.
167 1130 200 1166 S.
231 1133 310 1174 135,
330 1132 391 1173 16,
416 1128 503 1164 Luc.
531 1129 576 1164 de
602 1128 672 1164 cal.
698 1128 726 1164 I.
747 1127 782 1164 S.
804 1130 858 1172 15,
882 1130 924 1162 12
949 1127 1148 1173 participio
1175 1137 1259 1162 cum
1283 1125 1451 1171 perfecto
1469 1125 1582 1162 Isocr.
1610 1123 1659 1160 ad

100 1179 205 1214 Dem.
230 1176 273 1213 A.
294 1177 329 1213 S.
358 1180 437 1222 172,
457 1181 478 1212 5
504 1188 588 1212 611111
612 1176 829 1222 imperfecto
854 1174 955 1210 illius
980 1175 1086 1210 verbi
1111 1175 1299 1221 copulato.

216 1235 295 1268 436.
321 1230 526 1276 Participio
545 1230 658 1266 Arist.
678 1230 725 1266 de
744 1230 868 1266 mund.
889 1229 933 1265 A.
954 1229 990 1264 S.
1014 1232 1092 1272 150,
1115 1232 1177 1272 153
1200 1231 1279 1273 155,
1300 1232 1339 1274 3;
1363 1231 1440 1273 156,
1460 1231 1499 1271 4;
1526 1230 1607 1273 157,
1627 1232 1660 1272 6,

98 1286 297 1333 participio
323 1297 406 1322 cum
426 1286 592 1331 perfecto
612 1285 716 1321 verbi
740 1285 811 1329 1005
836 1283 962 1319 iuncto
983 1284 1071 1319 Luc.
1092 1283 1137 1318 de
1159 1283 1228 1318 cal.
1248 1282 1276 1319 I.
1297 1282 1332 1317 S.
1354 1286 1387 1327 2,
1410 1285 1465 1327 17,
1491 1281 1657 1327 perfecto

98 1352 183 1377 cum
195 1339 379 1423 ngtfecto
411 1338 518 1375 verbi
547 1340 618 1383 1005
650 1338 775 1374 iuncto
800 1337 912 1373 Arist.
939 1336 985 1371 de
1011 1336 1136 1372 mund.
1162 1335 1205 1372 A.
1227 1336 1263 1371 S.
1292 1339 1378 1380 135,
1405 1339 1469 1381 11,
1499 1334 1587 1371 Luc.
1614 1335 1660 1371 de

101 1388 170 1424 cal.
215 1417 222 1424 .
272 1415 278 1421 .
305 1391 338 1431 3,
360 1390 414 1423 13.

216 1438 296 1471 437.
322 1434 493 1471 Perfecto
519 1436 650 1480 quater
673 1432 786 1470 Arist.
812 1434 858 1469 de
883 1432 1009 1468 mund.
1035 1433 1078 1469 A.
1099 1431 1134 1470 S.
1162 1435 1243 1478 150,
1268 1435 1309 1475 ὃς
1340 1431 1452 1468 Isocr.
1478 1431 1528 1467 ad
1553 1431 1659 1467 Dem.

104 1484 146 1520 A.
167 1483 202 1519 S.
231 1486 308 1527 169,
329 1486 392 1526 263
417 1482 502 1518 Luc.
529 1483 575 1518 de
601 1482 669 1518 cal.
699 1485 753 1526 13,
776 1485 835 1526 193
864 1484 919 1526 16,
941 1484 995 1516 19.

219 1535 299 1567 438.
327 1530 449 1566 Semel
472 1530 670 1576 participio
695 1530 822 1565 iuncto
848 1540 932 1565 cum
951 1528 1118 1574 perfecto
1137 1527 1243 1564 verbi
1261 1528 1331 1571 100,
1350 1526 1446 1563 Plut.
1468 1527 1514 1563 de
1534 1526 1655 1563 cohib.

101 1579 148 1616 ir.
173 1578 216 1614 A.
238 1578 272 1615 S.
301 1581 380 1623 189,
401 1581 434 1624 8,
459 1578 524 1614 ubi
548 1578 647 1613 idem
674 1580 821 1623 tempus
846 1577 884 1612 in
908 1576 1079 1623 proxima
1104 1575 1291 1612 sententia
1316 1575 1467 1612 obviam
1491 1577 1559 1611 est.

218 1635 298 1668 439.
324 1633 422 1677 Huc,
457 1632 529 1667 nisi
559 1631 685 1676 fallor,
717 1631 880 1677 pertinet
910 1631 1024 1667 etiam
1055 1630 1159 1666 locus
1184 1630 1228 1666 A.
1255 1630 1290 1665 S.
1319 1632 1404 1674 141,
1425 1634 1486 1675 23,
1517 1630 1558 1664 in
1589 1640 1661 1674 quo

100 1681 296 1716 tractando
323 1679 502 1716 erravisse
527 1679 621 1714 mihi
644 1680 791 1715 videtur
814 1678 1007 1725 Rysselius
1027 1678 1051 1713 l.
1072 1678 1096 1713 1.
1116 1677 1133 1712 Ι
1152 1690 1187 1723 p.
1210 1682 1254 1713 33
1280 1677 1406 1713 adnot.
1427 1689 1457 1713 c.
1494 1676 1663 1722 Legebat

103 1727 250 1763 scilicet
274 1727 422 1774 Sergius
454 1729 526 1763 ἔςτι
557 1728 598 1762 δὲ
628 1727 757 1771 ὁμίχλη
791 1728 856 1771 μὲν
887 1727 1061 1771 ἀτμώδης
1092 1725 1327 1770 ἀναθυμίαςις
1357 1726 1495 1761 ὕδατος
1525 1725 1661 1760 01111660

102 1776 284 1812 vocabulo
309 1776 444 1818 ἄγονος
467 1774 652 1820 vertitque
676 1775 771 1810 illud
790 1776 926 1810 ὕδατος
945 1774 1176 1811 conformata
1194 1773 1342 1820 integra
1361 1773 1546 1809 sententia
1564 1774 1659 1809 rela-

104 1824 184 1860 tiva
216 1833 333 1869 „quae
358 1834 403 1859 ex
427 1833 525 1867 aqua
555 1823 733 1858 constar‘.

221 1881 302 1912 440.
329 1876 559 1922 Quamquam
585 1876 710 1920 aliter,
735 1875 776 1911 ni
800 1875 927 1920 fallor,
953 1876 1056 1912 locus
1082 1875 1323 1922 explicandus
1349 1877 1405 1912 est
1429 1877 1545 1921 atque
1569 1875 1662 1921 Rys-

108 1924 220 1961 6611116
245 1923 447 1970 explicavit
471 1925 494 1960 l.
515 1924 539 1960 l.
565 1923 599 1959 Π
623 1936 658 1970 p.
678 1928 736 1959 39.
772 1923 897 1960 Verba
922 1923 1022 1959 enim
1047 1923 1190 1960 Graeca
1213 1924 1386 1960 πολλάκις
1405 1944 1448 1949 -
1469 1925 1600 1959 ἔδοςαν
1624 1924 1663 1958 111

103 1977 319 2023 apographo
337 1978 533 2024 interpreti
554 1977 744 2024 proposito
771 1977 909 2013 omissa.
927 1979 1043 2014 erant.
1082 1978 1244 2024 Syriacis
1264 1979 1391 2014 autem
1408 1987 1531 2026 x001120
1546 1998 1588 2002 —
1602 1977 1663 2016 ,ΞΖ

105 2031 291 2076 significat
315 2032 439 2078 Syrus,
465 2042 560 2078 quae
586 2031 659 2067 sibi
684 2031 854 2068 videatur
879 2042 958 2068 6666
982 2031 1091 2076 Ζημία
1115 2035 1194 2067 τῶν
1219 2032 1394 2076 ἐχόντων.

219 2089 302 2122 441.
324 2086 451 2122 Etiam
469 2086 564 2122 illud
583 2085 826 2132 premendum
846 2087 914 2130 est,
935 2087 1161 2132 quantopere
1183 2085 1412 2132 astrologiae
1433 2085 1659 2122 chaldaicae

105 2132 255 2179 Sergius
280 2134 417 2170 favisse
441 2135 622 2171 videatur.
672 2134 776 2171 Couf.
803 2133 1004 2170 Hoffmann
1029 2134 1053 2171 l.
1074 2134 1097 2170 1.
1123 2146 1160 2180 p.
1183 2137 1286 2170 1222.

219 2184 300 2219 442.
326 2179 412 2228 Cap.
432 2186 466 2219 4.

221 2233 300 2266 443.
327 2229 415 2275 Cap.
436 2235 469 2266 6.

220 2281 301 2323 444.
328 2277 416 2323 Cap.
436 2282 468 2313 9.

220 2328 301 2360 445.
325 2323 370 2361 A.
390 2324 425 2360 S.
454 2329 532 2370 190,
552 2329 584 2361 8.

223 2375 304 2409 446.
330 2374 374 2409 A.
395 2372 430 2408 S.
459 2376 536 2418 189,
559 2376 601 2408 13
616 2384 644 2408 6.
671 2374 764 2419 (cap.
786 2374 832 2420 6).

219 2423 300 2456 447.
327 2420 417 2466 Cap.
439 2425 457 2456 1
485 2422 604 2457 ςυνὼν
624 2440 668 2447 -
686 2422 864 2467 πεμπτὸν,
890 2422 1009 2458 καίτοι
1030 2443 1073 2448 -
1094 2433 1174 2468 cap.
1196 2426 1216 2457 2
1243 2423 1360 2467 ὅμως,
1390 2433 1471 2468 cap.
1493 2425 1513 2457 2
1539 2423 1585 2458 ἂν
1611 2424 1659 2467 μὴ

104 2487 148 2494 -
174 2469 360 2514 λογιςμόν,
393 2479 472 2514 cap.
492 2472 514 2504 4
546 2469 615 2504 οὐκ
644 2470 794 2513 ἤρεςκεν
820 2490 862 2496 -
891 2471 1060 2516 μέγεθος,
1092 2472 1151 2506 καὶ
1184 2470 1358 2516 διεμειδίᾳ
1382 2475 1438 2516 τῷ
1462 2471 1661 2515 προςώπῳ,

105 2526 185 2562 cap.
206 2519 227 2551 6
252 2517 371 2561 ὥςπερ
391 2535 436 2542 —·
456 2517 630 2561 ῥήτορος,
663 2517 783 2561 ὥςπερ
804 2538 848 2544 -
867 2518 1047 2564 χρηςίμψ,
1081 2529 1160 2564 cap.
1182 2522 1203 2553 8
1229 2519 1274 2553 οὐ
1305 2521 1424 2553 ταῦτα
1445 2539 1486 2543 -
1510 2519 1663 2561 μέγεθός

106 2564 212 2608 ἐςτιν,
238 2564 327 2599 ἔνιοι
346 2585 388 2590 -
411 2564 591 2608 εὐτονίαν,
611 2564 703 2599 ἀλλὰ
723 2585 766 2590 -
787 2566 923 2610 αὐτῶν,
950 2576 1030 2611 cap.
1051 2570 1072 2602 9
1091 2567 1139 2601 τὰ
1158 2567 1223 2610 μὲν
1244 2586 1288 2591 -
1306 2566 1513 2610 τυράννων,
1535 2566 1662 2610 Ἀρκα-

106 2610 238 2646 δίωνος
250 2631 296 2637 -
309 2612 442 2657 ἀφῆκε,
462 2612 701 2656 Ἀλεξάνδρου
717 2632 760 2638 --
776 2613 936 2657 Κλεῖτον,
962 2624 1041 2659 cap.
1063 2617 1107 2649 10
1130 2616 1190 2648 καὶ
1210 2612 1490 2657 μετριοπαθείας
1503 2633 1546 2639 -
1563 2617 1659 2657 μυῶ-

108 2659 177 2703 δες,
202 2659 359 2701 γελοίων
374 2679 419 2685 -
433 2660 578 2704 ςαθρόν,
604 2660 697 2703 ὀργὴ
711 2680 754 2686 —-
766 2660 888 2704 ἐξέλω,
914 2663 974 2696 καὶ
996 2662 1157 2706 ῥήτορας
1170 2682 1213 2686 -
1228 2661 1545 2705 λοιδορουμένους,
1571 2662 1662 2705 ὅπερ

107 2726 150 2732 —-
168 2706 321 2752 βελτίον,
347 2708 406 2742 καὶ
424 2709 469 2751 νὴ
491 2707 564 2742 Δία
578 2727 621 2733 --
636 2707 785 2752 ἑτέροις,
811 2718 890 2754 cap.
913 2711 955 2743 11
982 2719 1027 2745 ea
1045 2720 1141 2753 quae
1161 2719 1205 2743 ex
1224 2707 1426 2744 Aristotele
1447 2707 1661 2753 afferuntur,

107 2764 186 2799 cap.
202 2757 244 2790 12
266 2755 317 2790 ὡς
337 2755 473 2790 ἐκεῖνος
489 2776 529 2781 -—
543 2755 696 2800 πλήγας,
716 2765 795 2801 cap.
812 2759 855 2792 13
869 2757 932 2792 ςὺν
946 2777 990 2782 -
1005 2757 1272 2802 φιλοφροςύνῃ,
1293 2755 1492 2800 κανθαρίον
1508 2777 1550 2782 -
1566 2756 1662 2802 μίαν,

107 2801 187 2837 οἷον
209 2822 253 2828 -
271 2805 495 2838 πολυτελῶν.

227 2857 309 2893 448.
332 2854 376 2893 A.
392 2856 427 2892 S.
444 2859 523 2901 187,
534 2859 709 2901 30—188,
721 2859 758 2901 13
781 2859 1071 2903 188,1—188,3;
1093 2860 1172 2902 188,
1184 2861 1295 2901 ss.s.;
1315 2860 1394 2902 188,
1406 2861 1428 2892 4
1441 2869 1487 2901 s.;
1510 2861 1661 2901 188,13;

110 2904 188 2985 133,
203 2905 360 2986 113-153
382 2906 460 2951 188,
476 2907 519 2939 16
534 2916 580 2948 s.;
602 2907 681 2949 189,
698 2907 851 2949 13-183
874 2908 951 2951 189,
966 2909 1124 2950 27—293
1145 2909 1222 2950 190,
1237 2909 1275 2949 9;
1299 2908 1449 2950 190,19;
1467 2909 1545 2951 191,
1562 2908 1606 2940 24
1617 2917 1661 2948 s.;

177 2977 187 2996 ,
267 2962 294 2987 6.
