1820 3126
232 126 317 169 466
842 131 884 170 A.
909 132 1145 171 Baumstark:

351 240 466 279 265b
491 241 654 281 Iacobsii
679 239 811 282 ταύτὰ
837 257 905 293 pro
930 244 1061 284 ταῦτα
1072 240 1155 298 ⁷⁶⁵),

351 299 465 338 266b
493 300 684 339 Harduini
707 297 964 351 ἀτιμώρητος
989 317 1059 353 pro
1085 299 1417 359 druuorepocwss),

351 359 465 396 269a
487 358 654 397 Iacobsii
679 356 836 399 πόνους
860 374 932 411 pro
958 358 1115 401 πόνου(
1141 358 1418 416 πολλούεω),

350 418 459 455 2690
483 416 675 455 Dindorfii
699 417 856 467 μήποτε
882 432 952 469 pro
979 418 1077 469 μήτε
1090 414 1171 473 788),

350 475 466 512 27Οά
492 475 682 525 Stephani
707 473 927 525 εὐάρεετοε
952 491 1022 528 pro
1048 474 1383 532 bucdpecroc702),

350 534 464 570 272d
490 533 678 584 Stephani
703 532 743 574 οἱ
767 533 813 574 δὲ
837 549 908 585 pro
934 533 973 575 οἱ
999 534 1044 574 δὲ
1070 534 1200 575 πέλα(
1210 531 1290 589 ⁷⁷⁰),

349 593 458 630 2730
484 591 674 631 Piersonii
699 592 870 643 μιμητέα
895 607 965 643 pro
993 595 1169 643 μιμεῖται
1179 590 1259 647 ⁷⁷¹),

349 649 466 688 275d
491 650 642 691 Petavii
668 650 832 700 τέχναι(
858 665 927 701 pro
953 647 1184 706 Toxo1c⁷⁷²)‚

349 709 459 747 2760
484 709 658 748 Roulezii
683 708 860 749 κωλύειν
885 724 955 760 pro
981 709 1173 750 κολούειν
1183 706 1262 763 ⁷⁷³),

348 767 459 805 2770
483 767 633 807 Petavii
657 769 752 807 ταῖν
778 766 898 807 ὁδοῑν
923 782 993 818 pro
1017 764 1201 823 ruiv⁷⁷⁴)‚

348 826 458 863 2770
483 825 652 865 Iacobsii
677 823 728 865 οὗ
753 824 805 866 ἂν
830 825 1054 879 παρειερύῃ
1079 841 1148 878 pro
1174 824 1225 867 οὗ
1250 825 1654 884 ἀντιπαρειερύῃω),

348 885 463 922 2798.
486 883 653 923 Iacobsii
679 882 865 933 εὐπρεπῆ
891 898 961 935 pro
987 881 1256 940 εὐτρεπῆ.”76)

346 941 492 980 Contra
517 943 616 981 duae
642 944 886 982 coniecturae
911 945 1089 983 versione
1115 945 1275 995 Syriaca
1299 946 1538 996 refutantur,
1570 961 1670 998 quae
1696 950 1758 989 vel

231 1013 300 1049 per
338 1011 378 1038 se
415 1001 755 1040 vehementissime
792 1002 933 1053 aliquis
972 1003 1125 1043 dubitet
1161 1017 1209 1042 an
1247 1005 1369 1044 invita
1399 1005 1575 1046 Minerva
1608 1008 1760 1058 excogi-

227 1060 333 1097 tatae
359 1059 438 1097 sint

346 1089 461 1156 272ἔ1
486 1118 639 1157 Petavii
664 1117 941 1167 παιδεραετὰε
967 1132 1037 1169 pro
1063 1115 1334 1199 πατέραεῖᾮ,

346 1177 461 1215 2751)
487 1176 675 1227 Stephani
699 1177 948 1226 παρειεδῦεα
971 1191 1042 1228 pro
1068 1179 1296 1227 παραδῦεα.
1317 1174 1368 1232 ⁷⁸)

346 1234 534 1285 Reliquis,
552 1248 649 1285 quos
667 1236 842 1275 homines
862 1237 966 1275 docti
980 1239 1244 1286 tentaverunt,
1263 1238 1357 1277 locis
1371 1239 1461 1289 quid
1477 1239 1516 1277 in
1533 1242 1757 1292 apographo

233 1292 359 1342 Sergii
392 1293 580 1342 scriptum
613 1294 826 1344 exstiterit,
858 1307 878 1333 e
903 1295 1081 1334 versione
1107 1295 1265 1346 Syriaca
1289 1299 1396 1336 certo
1421 1300 1600 1348 cognosci
1623 1301 1761 1350 nequit

227 1351 302 1390 nisi
334 1351 506 1402 duobus,
537 1353 678 1402 quibus
709 1366 786 1391 non
818 1355 899 1391 tam
930 1354 1151 1393 coniciendo
1177 1367 1294 1404 quam
1317 1356 1525 1395 resecando
1551 1358 1758 1397 subvenire

229 1410 462 1449 auctoritate
486 1411 677 1450 versionis
702 1411 894 1450 iubemur.
943 1411 1018 1450 Sed
1043 1413 1090 1451 de
1115 1412 1193 1451 illis
1218 1416 1355 1463 postea
1379 1415 1515 1455 dicam.

347 1468 522 1507 Primum
558 1469 587 1508 ii
618 1469 805 1508 afferendi
836 1472 928 1509 sunt
958 1470 1049 1522 loci,
1085 1471 1151 1511 ubi
1181 1473 1487 1523 neglegentia
1519 1475 1757 1514 scribendi

224 1528 492 1578 scripturae
526 1528 755 1579 vulgatae
792 1530 1013 1568 videntur
1047 1532 1180 1569 ortae
1205 1543 1324 1581 esse,
1360 1544 1521 1576 numero
1546 1533 1574 1571 ii
1599 1534 1755 1583 quidem

222 1586 458 1635 paucissimi.
518 1586 760 1637 Quinquiens
797 1587 899 1626 enim
937 1588 1094 1628 videtur
1133 1589 1336 1628 collocatio
1373 1591 1582 1630 verborum
1619 1592 1755 1642 Sergio

222 1645 319 1683 duce
344 1645 533 1684 mutanda
559 1658 653 1684 esse.

341 1706 451 1743 2690
485 1704 562 1743 lbb.
597 1703 682 1743 Grr.
721 1702 821 1753 μηδὲ
860 1703 1172 1754 φιλοχρήματος
1209 1704 1310 1754 μηδὲ
1349 1703 1549 1755 βάεκανοε
1598 1707 1624 1745 S
1654 1706 1754 1757 μηδὲ

222 1758 424 1810 βάεκανοε
449 1761 550 1811 μηδὲ
576 1762 907 1812 φιλοχρήματος,
933 1776 1032 1813 quae
1058 1764 1265 1804 verborum
1291 1765 1495 1803 collocatio
1515 1767 1629 1816 longe
1648 1779 1754 1816 prae-

220 1823 312 1870 stat,
339 1823 386 1859 ut
410 1833 508 1870 quae
535 1834 625 1860 eum
649 1822 824 1860 ordinem
854 1824 996 1871 servet,
1021 1835 1136 1872 quem
1161 1823 1244 1873 ipse
1263 1823 1502 1863 Themistius
1524 1825 1565 1863 in
1584 1826 1754 1864 tractan—

220 1879 278 1918 dis
304 1880 469 1930 singulis
494 1880 600 1919 vitiis
624 1880 763 1919 tenuit.
773 1875 842 1932 Π9)

338 1939 448 1978 2700
473 1935 642 1978 πάντως
666 1939 770 1988 quod
795 1940 856 1978 est
880 1941 972 1978 ante
997 1934 1251 1988 ἀποκριτέον
1289 1939 1315 1978 S
1340 1940 1555 1990 praebebat
1573 1944 1663 1980 ante
1684 1953 1752 1980 κα-

219 1993 308 2035 κία(
333 1993 449 2046 ἄτερ,
476 2009 545 2037 suo
571 1997 718 2036 scilieet
742 1997 837 2036 iure.
887 1997 1024 2047 Neque
1049 1998 1154 2036 enim
1182 1998 1295 2037 docet
1319 1998 1559 2038 Themistius
1585 1996 1753 2039 πάντως

219 2055 376 2105 quidem
409 2068 491 2106 eos,
524 2056 591 2106 qui
615 2055 828 2095 levioribus
854 2056 960 2095 vitiis
985 2055 1229 2104 laborarent,
1259 2069 1338 2096 non
1363 2057 1413 2095 ab
1438 2058 1609 2097 amicitia
1633 2059 1753 2098 seclu-

218 2114 366 2153 dendos
390 2126 486 2164 esse,
511 2115 579 2153 sed
605 2127 651 2153 ex
674 2116 787 2164 parte
812 2116 928 2155 certe.
971 2114 1095 2154 Immo
1124 2115 1278 2154 omnino
1305 2127 1369 2154 eos
1389 2116 1572 2155 admittit.
1615 2117 1753 2167 Neque

217 2173 340 2222 igitur
370 2175 461 2212 ante
493 2169 744 2222 ἀποκριτέον
774 2173 903 2212 locum
933 2173 1054 2212 habet
1082 2173 1180 2212 illud
1206 2170 1384 2212 πάντως.
1434 2173 1582 2214 Contra
1606 2176 1753 2225 optime

218 2232 386 2282 quadrat
415 2232 464 2270 ad
494 2231 615 2271 verba
645 2228 787 2270 κακία(
811 2227 923 2280 ἄτερ.
969 2231 1075 2270 Illud
1099 2232 1222 2284 enim,
1255 2235 1299 2270 ut
1323 2245 1587 2283 moneremur,
1617 2245 1666 2272 ne
1691 2246 1751 2272 su-

216 2290 336 2339 perbe
367 2302 451 2341 eos,
479 2291 546 2339 qui
576 2290 788 2330 levioribus
823 2290 930 2330 vitiis
955 2293 1223 2340 aegrotarent,
1255 2291 1539 2341 fastidiremus,
1570 2292 1752 2342 scriptori

216 2349 471 2397 premendum
505 2351 607 2398 erat,
642 2349 820 2398 quamvis
850 2348 941 2389 boni
971 2349 1094 2399 aliqui
1128 2351 1260 2388 essent
1292 2351 1332 2388 et
1361 2350 1535 2389 moribus
1565 2362 1635 2399 pro
1664 2352 1753 2390 rata

215 2409 329 2456 parte
353 2407 507 2457 integri,
533 2407 601 2457 qui
624 2419 785 2457 prorsus
809 2407 915 2447 vitiis
941 2409 1102 2457 careret,
1128 2408 1322 2446 neminem
1353 2403 1634 2460 exstitisse.⁷⁸⁰)

335 2467 450 2505 277³,
478 2466 558 2505 lbb.
590 2464 676 2504 Grr.
714 2462 806 2504 ἀντὶ
836 2463 1022 2505 καύεεων
1051 2464 1118 2506 καὶ
1148 2465 1290 2515 τομῶν
1338 2465 1364 2504 S
1395 2462 1487 2506 ἀντὶ
1515 2467 1656 2516 τομῶν
1685 2464 1751 2506 καὶ

217 2521 402 2563 καύεεων
411 2519 494 2578 781),

334 2584 449 2622 2789,
478 2583 557 2622 lbb‚
589 2581 677 2622 Grr.
713 2578 1025 2631 ἀποτειχιετέον
1062 2580 1139 2622 οὖν
1176 2579 1306 2632 αὐτὴν
1339 2580 1404 2621 καὶ
1441 2579 1750 2632 ἀποκρουετέον

215 2641 265 2692 τῇ
296 2637 460 2693 ἀπιετίᾳ
501 2641 528 2680 S
558 2637 869 2690 ἀποτειχιετέον
900 2638 976 2680 οὖν
1007 2639 1138 2692 αὐτὴν
1167 2643 1217 2694 τῇ
1248 2637 1410 2692 ἀπιστίᾳ
1441 2639 1508 2680 καὶ
1540 2638 1747 2691 ἀποκρου-

217 2698 337 2738 ετέον
346 2694 395 2719 ⁷⁸2
419 2731 428 2749 ‚

335 2695 450 2797 272310
475 2759 553 2798 lbb.
581 2757 668 2797 Grr.
693 2754 848 2798 δεδίαει
873 2755 953 2806 γὰρ
978 2756 1044 2797 καὶ
1068 2755 1311 2807 ὑφορῶνται
1349 2757 1375 2795 S
1400 2754 1642 2807 ὑφορῶνται
1667 2755 1746 2807 γὰρ

217 2813 282 2855 καὶ
308 2814 505 2865 δεδίαειν,
540 2829 639 2866 quae
664 2817 727 2857 vel
750 2818 910 2867 propter
935 2817 1124 2856 evitatum
1148 2817 1343 2856 duriorem
1367 2817 1560 2857 vocalium
1585 2829 1744 2856 concur-

216 2887 301 2914 sum
327 2875 643 2914 commendabilis
668 2875 868 2915 collocatio
893 2876 1100 2915 verborum
1125 2869 1270 2927 est.'¹⁸³)
