1820 3126
556 115 846 152 Lucubrationes
872 113 1157 160 Syro-Graecae.
1548 112 1632 155 381

79 245 175 272 usus
206 231 334 282 operis
365 229 470 280 apud
502 231 682 279 posteros
714 227 854 277 fuisse,
886 227 998 266 cuius
1030 229 1071 265 et
1100 228 1432 266 commentatores
1466 224 1543 265 duo
1570 239 1635 265 ex-

79 293 266 332 stiterunt
295 290 513 329 doctissimi
536 289 689 328 Phocas
719 287 848 337 Sergii
879 286 986 325 filius
1012 288 1053 324 et
1079 286 1311 326 Theodorus
1339 285 1496 324 Zarudii
1529 286 1633 324 filius

78 349 267 391 Edesseni
308 348 459 399 origine
497 351 538 387 et
573 361 653 388 non
689 346 819 386 minus
859 348 1030 396 quatuor
1067 346 1218 386 codices
1259 358 1379 384 manu
1418 345 1557 395 scripti
1594 346 1634 383 in

80 409 329 450 bibliothecis
355 408 482 447 Musei
507 406 720 447 Brittanici
746 407 787 445 et
811 405 1009 444 Vaticana
1032 406 1171 445 latent.
1230 405 1394 444 Saeculo
1421 404 1542 443 etiam
1569 404 1634 443 de-

78 470 177 510 cimo
203 469 339 519 quinto
363 468 621 506 lectitabatur
647 469 686 506 et
713 465 1093 513 transscribebatur,
1121 466 1155 504 si
1180 468 1287 504 recte
1313 465 1361 504 de
1388 466 1520 504 aetate
1548 463 1631 503 cod.

79 529 179 568 Mus.
205 528 306 567 Brit.
333 529 415 567 629
443 527 669 578 Wrightius
694 519 974 576 iudicavit.¹⁶3)
1000 545 1056 551 —
1082 524 1217 571 Etiam
1243 526 1291 564 de
1317 523 1566 563 recensendis
1594 526 1635 562 et

75 587 324 627 illustrandis
344 586 549 636 scripturis
571 586 692 626 sacris
711 585 895 637 Sergium
914 585 1103 624 meruisse
1122 585 1226 635 inde,
1246 585 1323 623 nisi
1341 584 1472 633 fallor,
1493 585 1634 635 elucet,

58 675 66 682 .
76 648 180 699 quod
193 647 596 686 Pseudo—Zachariam
610 659 702 685 eum
717 645 919 684 doctrinae
934 644 1198 696 Origenianae
1212 644 1497 694 peritissimum
1510 644 1633 682 fuisse

74 706 284 758 praedicat.
323 705 436 752 Quae
460 707 494 745 si
515 719 690 757 unquam
714 705 826 744 fuere
852 704 906 743 de
933 705 1110 744 studiis
1132 702 1443 755 Origenianis
1469 704 1632 743 chartae

76 766 214 818 Sergii,
239 778 285 805 eo
311 766 393 805 fere
418 768 597 816 tempore
622 766 833 805 videantur
852 765 1023 814 scriptae
1043 777 1142 815 esse,
1167 776 1256 802 cum
1282 765 1479 803 fervorem
1498 763 1632 803 Mono-

73 826 317 877 physiticum
341 826 535 876 paulatim
565 826 781 876 deponeret
812 826 853 863 et
884 825 933 862 ad
966 825 1123 863 litteras
1154 824 1342 874 profanas
1375 823 1559 862 colendas
1592 836 1632 862 se

74 887 333 925 converteret.
378 885 689 936 Languescentis
716 886 757 923 et
783 884 831 922 de
857 884 1048 934 doctrina,
1075 896 1191 934 quam
1219 886 1338 922 antea
1362 884 1457 922 totis
1481 883 1633 922 viribus

74 945 269 994 defendit,
299 945 518 984 dubitantis
551 948 644 984 sunt
676 944 918 995 epistolae
949 956 1105 994 quoque
1135 943 1296 994 Sergii
1327 943 1382 981 ad
1409 942 1633 982 Severum

76 1005 202 1044 datae.
239 1004 389 1044 Eodem
409 1004 578 1055 denique
597 1005 681 1043 fere
699 1006 881 1054 tempore
894 1003 1056 1054 Syriace
1076 1016 1213 1042 versos
1231 1003 1459 1054 putaverim
1472 1003 1630 1042 libellos

71 1064 324 1114 Isocratis,
356 1064 628 1113 Plutarchi,
662 1063 879 1114 Luciani,
908 1063 1182 1111 Themistii,
1217 1064 1286 1114 qui
1315 1063 1391 1102 toti
1419 1065 1633 1102 versantur

71 1123 113 1163 in
132 1125 354 1174 praeceptis
373 1124 590 1163 moralibus
609 1123 864 1163 inculcandis.
885 1143 942 1150 —
961 1122 1026 1161 Ad
1050 1123 1311 1173 posteriorem
1332 1135 1427 1162 vero
1454 1125 1495 1161 et
1513 1123 1632 1172 plane

74 1183 348 1223 confirmatam
367 1186 542 1223 aetatem
561 1184 765 1234 scriptoris
790 1183 1002 1222 revocandi
1027 1184 1122 1222 sunt
1145 1195 1236 1222 mea
1255 1183 1411 1233 quidem
1434 1180 1632 1222 sententia

73 1256 220 1294 omnes,
247 1244 315 1294 qui
341 1243 388 1282 de
412 1244 532 1282 rebus
557 1242 849 1294 philosophicis,
874 1242 1050 1293 medicis,
1076 1243 1250 1294 physicis
1278 1245 1384 1292 sunt,
1408 1242 1511 1281 libri.

190 1303 237 1342 In
261 1303 575 1354 philosophia
602 1304 722 1342 unius
747 1302 1036 1341 Aristotelis
1064 1302 1226 1353 Sergius
1258 1303 1408 1341 institit
1437 1302 1629 1353 vestigiis.

73 1362 325 1413 Quamquam
360 1365 542 1403 servatus
579 1376 659 1402 non
696 1365 758 1402 est
793 1362 888 1410 nisi,
926 1358 1303 1411 Ἀριστοτέλους
1340 1359 1466 1411 πρὸς
1497 1358 1630 1402 Ἀλέ-

72 1423 291 1471 ξανδρον
322 1423 391 1473 qui
421 1423 566 1472 fertur,
597 1424 646 1461 de
676 1423 824 1461 mundo
849 1421 950 1460 liber
976 1422 1137 1472 Syriace
1167 1435 1322 1473 versus,
1354 1422 1424 1472 qui
1454 1424 1562 1461 certo
1594 1422 1631 1461 ei

70 1482 262 1521 vindicari
286 1484 421 1532 possit.
448 1504 503 1509 —
530 1482 869 1522 Commentarii
896 1481 1036 1520 deinde
1066 1494 1090 1520 a
1115 1481 1254 1532 Sergio
1278 1482 1327 1520 in
1351 1483 1628 1532 categorias

73 1542 211 1592 scripti
236 1542 396 1581 exstant
420 1542 461 1580 in
486 1543 568 1581 cod.
594 1542 724 1581 Berol.
751 1541 864 1580 Sach.
885 1543 939 1581 36
966 1542 1034 1581 fol.
1055 1536 1310 1582 832—104b.
1361 1540 1476 1580 Circa
1501 1543 1629 1581 simile

71 1604 350 1652 argumentum
386 1604 570 1641 versatur
601 1601 730 1653 Sergii
767 1601 986 1641 scholion
1024 1601 1072 1640 de
1109 1602 1269 1640 notione
1307 1601 1415 1641 vocis
1454 1602 1627 1651 (χῆμα,

71 1661 178 1711 quod
208 1663 271 1701 est
301 1662 343 1700 in
374 1662 456 1701 cod.
482 1675 582 1701 mus.
607 1662 709 1701 Brit.
736 1663 819 1701 988
845 1661 911 1699 fol.
941 1655 1189 1701 79b—80b.
1249 1661 1508 1700 Potissimum
1533 1675 1627 1701 vero

70 1720 298 1771 interpretis
323 1721 574 1761 Resainensis
599 1722 647 1760 de
672 1721 924 1771 philosophia
955 1733 1052 1771 opus
1079 1723 1172 1760 sunt
1202 1721 1536 1760 commentarii
1567 1722 1628 1760 illi

70 1780 236 1831 logici,
275 1793 372 1832 quos
403 1781 653 1831 Ebedjesuus
686 1781 792 1820 dicit.
849 1780 1011 1831 Septem
1039 1781 1248 1820 minimum
1278 1781 1402 1820 libros
1434 1781 1628 1832 complexi

73 1842 187 1879 erant
211 1842 253 1879 et
271 1839 477 1880 Theodoro
502 1841 659 1880 cuidam
684 1841 817 1880 dicati.
860 1840 1072 1880 Librorum
1092 1841 1272 1880 II—VII
1291 1842 1519 1891 fragmenta
1538 1854 1627 1881 con-

69 1899 172 1938 tinet
198 1899 279 1939 cod.
306 1913 405 1939 mus.
430 1900 531 1940 Brit.
560 1901 778 1940 la—ssob.

186 1959 243 1998 Ut
266 1960 308 1998 in
331 1960 584 2010 philosophia
607 1960 867 2000 Aristotelem
898 1961 956 1999 ita
983 1961 1031 1999 in
1056 1963 1159 2000 arte
1186 1962 1369 2000 medica
1394 1961 1624 2000 Galenum

68 2021 271 2058 auctorem
297 2018 459 2070 Sergius
490 2020 650 2060 videtur
681 2023 839 2059 secutus
869 2033 968 2059 esse.
1018 2021 1121 2059 Nam
1147 2020 1437 2071 Hippocrati
1470 2034 1626 2072 quoque

68 2077 227 2128 syriace
249 2080 440 2119 vertendo
459 2080 575 2119 illum
593 2080 810 2131 vacavisse,
837 2092 883 2119 ea
902 2081 1114 2119 temeraria
1133 2084 1193 2119 est
1211 2081 1432 2119 Wenrichii
1440 2076 1509 2134 134²)
1537 2095 1626 2121 con-

66 2138 233 2189 iectura,
263 2139 383 2178 nullis
413 2140 653 2179 testimoniis
679 2140 852 2179 firmata:
885 2139 1056 2179 Galeni
1088 2143 1223 2179 autem
1248 2141 1441 2190 plurimos
1468 2141 1624 2180 libros

65 2198 237 2244 medicos
262 2211 287 2236 a
311 2198 448 2250 Sergio
479 2200 695 2239 translatos
721 2213 809 2240 esse
837 2200 1066 2239 testimonio
1091 2200 1410 2240 Ibnabiozeibiae
1437 2201 1620 2240 efficitur.

66 2256 175 2303 Quae
199 2258 402 2298 versiones
433 2259 530 2298 adeo
562 2273 639 2298 non
666 2260 874 2299 mediocris
899 2259 998 2298 artis
1024 2272 1110 2299 esse
1135 2259 1376 2299 videbantur
1401 2261 1623 2311 Honaino

67 2317 240 2356 omnium
264 2317 325 2356 illi
349 2318 590 2358 medicorum
617 2318 811 2369 Syrorum
836 2319 1080 2371 doctissimo,
1112 2322 1158 2358 ut
1188 2322 1328 2359 contra
1362 2321 1446 2371 ipse
1479 2321 1623 2360 melius

67 2375 261 2415 Galenum
291 2380 447 2416 vertere
473 2379 714 2429 desperaret.
764 2379 927 2418 Minime
958 2379 1064 2418 enim
1093 2392 1178 2418 rem
1208 2381 1412 2431 perspexit
1436 2381 1622 2419 Ibnabio-

66 2436 206 2487 zeibia,
241 2437 307 2487 qui
332 2438 534 2477 versiones
559 2438 688 2489 Sergii
712 2451 855 2489 parum
881 2438 1051 2478 feliciter
1076 2439 1254 2479 conditas
1279 2439 1507 2492 Honainum
1531 2441 1620 2478 fun-

65 2495 172 2535 ditus
196 2497 413 2536 correxisse
438 2498 606 2547 putavit.
655 2498 782 2538 Immo
808 2511 829 2537 e
854 2499 940 2538 loco
959 2498 1276 2539 Ibnabiozeibiae
1295 2500 1316 2538 I
1341 2513 1406 2550 pg.
1430 2501 1525 2539 188.
1556 2513 1621 2550 ap-

65 2558 181 2605 paret
209 2556 249 2594 id
281 2556 506 2607 Honainum
538 2558 801 2609 affectavisse,
838 2560 884 2597 ut
915 2558 1085 2598 sedecim
1122 2559 1315 2598 librorum
1341 2559 1619 2610 Galeneorum,

65 2627 164 2665 quos
194 2617 308 2666 quasi
338 2629 410 2666 pro
441 2617 702 2656 fundamento
735 2618 922 2657 scientiae
952 2618 1128 2657 medicae
1163 2619 1375 2658 orientales
1406 2620 1618 2668 habebant,

64 2674 262 2725 integram
282 2676 494 2715 editionem
510 2676 713 2727 Syriacam
733 2677 952 2717 conficeret.
990 2677 1068 2716 Sed
1087 2679 1264 2717 omnium
1276 2679 1470 2717 librorum
1491 2680 1619 2718 denuo

65 2735 343 2774 vertendorum
374 2735 550 2775 laborem
580 2737 622 2774 in
654 2749 695 2776 se
726 2750 806 2777 non
836 2737 1020 2787 suscepit.
1069 2738 1148 2777 Eos
1178 2740 1338 2777 tantum
1372 2738 1496 2777 libros
1534 2739 1619 2788 ipse

64 2792 348 2845 interpretatus
375 2798 452 2845 est,
485 2796 554 2846 qui
584 2797 655 2834 aut
679 2809 821 2846 parum
852 2799 1035 2836 accurate
1060 2798 1132 2835 aut
1156 2798 1314 2837 omnino
1339 2810 1419 2837 non
1443 2799 1523 2837 iam
1550 2798 1618 2848 Sy-

65 2853 170 2892 riace
195 2854 302 2893 versi
326 2857 450 2894 erant.
499 2855 709 2907 Veterum,
742 2869 842 2908 quae
872 2857 951 2906 ipsi
975 2856 1177 2907 perfectae
1202 2858 1488 2908 absolutaeque
1514 2858 1619 2897 vide-

65 2915 214 2965 rentur,
238 2909 590 2964 interpretationes
610 2915 779 2955 sublatis
797 2916 1054 2955 librariorum
1077 2916 1186 2956 vitiis
1208 2917 1250 2955 in
1270 2917 1484 2956 editionem
1505 2930 1619 2955 suam
