1820 3126
233 233 506 282 concedamus,
544 234 610 283 qui
653 235 818 274 eundem
861 236 1059 275 affirmant
1099 237 1326 276 Anatolium
1369 237 1676 289 Geoponicorum
1722 242 1765 278 et
1816 246 1820 283 j

232 291 563 340 Hippiatricorum
596 295 794 332 auctorem
828 294 1051 334 exstitisse?
1095 295 1203 340 Quae
1226 298 1382 345 praesto
1410 300 1502 336 sunt
1531 297 1579 336 ad
1604 309 1761 336 causam

232 349 480 388 iudicandam
515 353 767 403 argumenta,
803 365 1028 402 proponam.
1077 353 1296 394 Vindanius
1332 354 1540 394 Anatolius
1577 355 1762 405 Berytius

232 407 425 455 omnium,
455 409 522 458 qui
561 409 742 449 universa
774 411 822 450 de
858 423 900 450 re
936 412 1083 450 rustica
1114 414 1323 462 praecepta
1354 413 1626 463 condiderunt,
1662 426 1760 453 unus

231 465 272 504 in
306 466 448 516 eclogis
475 467 554 505 suis
587 479 718 506 curam
747 469 991 520 animalium,
1023 482 1121 520 quae
1151 471 1345 520 agricolae
1371 472 1457 510 usui
1482 475 1590 521 sunt,
1624 472 1761 511 docere

231 524 514 574 praetermisit.
561 525 767 576 Proprium
793 527 840 566 de
865 527 1091 566 animalium
1115 530 1366 578 generatione
1391 532 1432 568 et
1449 530 1639 568 medicina
1657 529 1759 568 Ana-

232 582 318 620 tolii
343 583 545 622 cuiusdam
571 596 667 634 opus
693 585 812 624 fuisse
841 586 1064 636 fragmenta
1089 586 1215 636 Sergii
1246 589 1286 626 et
1310 587 1556 637 Hippiatrica
1585 588 1689 626 inter
1719 600 1760 627 se

233 641 376 678 collata
407 642 600 685 evincunt.
661 642 895 693 Utrumque,
932 644 1000 693 qui
1038 645 1110 683 sub
1147 645 1301 684 nomine
1338 646 1513 684 Anatolii
1550 646 1761 696 ferebatur,

231 698 374 736 librum
401 701 442 738 et
467 699 628 750 Sergius
651 700 900 741 Resaxnensis
926 705 967 741 et
991 701 1198 742 Cassianus
1221 703 1370 742 Bassus
1401 703 1590 743 adhibuit.
1637 704 1761 743 Iidem

231 756 397 806 denique
434 758 474 796 in
511 761 678 808 utroque
713 760 813 799 libro
851 762 1030 800 auctores
1066 761 1233 800 adhibiti
1270 763 1333 801 vel
1367 762 1518 801 laudati
1556 765 1677 802 erant.
1691 757 1759 814 ²⁸⁰)

231 814 380 860 Quibus
406 817 662 856 consideratis
689 817 818 857 facere
850 830 928 857 non
952 831 1129 870 possum,
1161 820 1254 869 quin
1283 821 1491 869 propterea
1521 832 1545 858 a
1569 820 1761 860 Vindanio

232 873 418 912 Anatolio
432 875 593 925 Berytio
612 876 653 914 in
673 876 816 926 eclogis
836 877 992 916 rusticis
1012 877 1240 917 animalium
1260 890 1392 917 curam
1413 890 1573 928 prorsus
1585 881 1759 929 praeter-

232 931 391 970 missam
415 935 561 982 putem,
587 934 690 983 quod
713 935 940 985 priusquam
967 936 1120 986 eclogas
1139 937 1398 976 contexendas
1422 937 1647 988 susciperet,
1671 949 1760 987 pro·

230 990 317 1040 prio
348 990 545 1030 volumine
570 992 618 1030 de
642 993 893 1043 generatione
925 998 965 1032 et
989 994 1180 1033 medicina
1204 995 1432 1033 animalium
1464 997 1616 1045 copiose
1644 996 1759 1045 scrip-

230 1051 353 1099 serat,
381 1049 449 1088 illo
482 1050 649 1098 scilicet,
679 1051 788 1089 cuius
818 1051 1040 1102 fragmenta
1070 1053 1225 1093 obviam
1250 1055 1342 1091 sunt
1370 1053 1411 1091 in
1435 1053 1687 1103 Hippiatricis
1721 1056 1761 1092 et

232 121 319 162 400
841 125 882 161 A.
902 125 1139 163 Baumstark:

229 1107 270 1144 in
287 1107 398 1146 libris
412 1106 722 1158 Geoponicorum
736 1108 973 1149 Graecorum
991 1110 1229 1160 XIV—XX,
1250 1112 1444 1161 epitomae
1459 1111 1641 1162 Syriacae
1653 1111 1761 1161 XIII,

228 1165 419 1205 versionis
445 1166 639 1206 Arabicae
662 1167 869 1208 VIII—X.

344 1223 444 1263 Duo
469 1225 620 1275 igitur
651 1226 767 1265 bene
797 1226 1166 1266 internoscenda
1189 1230 1299 1267 sunt
1326 1228 1507 1278 scripta
1532 1228 1759 1267 Vindanii

229 1281 466 1332 Anatolii,
497 1284 767 1334 eclogarum
795 1285 1083 1324 rusticarum
1107 1286 1222 1325 libri
1244 1286 1340 1337 XII,
1370 1299 1535 1337 quorum
1565 1283 1759 1326 rationem

230 1340 453 1379 universam
484 1343 525 1379 et
554 1341 723 1381 indolem
757 1342 967 1382 adumbrat
996 1344 1176 1393 Photius,
1211 1345 1434 1394 fragmenta
1470 1344 1638 1394 plurima
1667 1357 1756 1384 con·

229 1398 356 1437 tinent
391 1398 613 1449 Geoponica
642 1400 792 1440 Graeca
821 1403 861 1440 et
891 1402 1030 1440 Latine
1060 1415 1174 1442 versa
1202 1402 1294 1441 libri
1323 1403 1509 1454 Palladii,
1541 1404 1757 1443 versionem

233 1457 399 1506 denique
425 1457 625 1508 Syriacam
649 1458 808 1510 Sergius
832 1459 1022 1511 condidit,
1052 1473 1100 1499 ex
1127 1473 1204 1511 qua
1234 1462 1441 1500 mamam
1464 1463 1618 1511 partem
1642 1462 1758 1501 fluxe·

229 1517 323 1554 runt
347 1515 492 1566 Kostae
517 1517 608 1555 libri
633 1517 794 1568 I—VI,
818 1517 891 1569 XI,
915 1518 1010 1570 XII,
1042 1521 1083 1558 et
1107 1532 1220 1571 opus
1248 1520 1385 1570 illud,
1419 1521 1538 1570 quod
1564 1521 1759 1559 maxime

228 1573 276 1612 in
300 1575 534 1613 medicina
559 1576 854 1615 veterinaria
878 1577 1088 1616 docenda
1111 1578 1405 1618 versabatur.

350 1632 397 1671 In
422 1633 638 1673 reficiendis
663 1635 808 1684 eclogis
833 1635 950 1686 longe
974 1636 1143 1685 primum
1169 1637 1298 1676 locum
1320 1639 1456 1676 tenent
1477 1637 1669 1686 epitomae
1689 1637 1757 1687 Sy·

231 1690 358 1729 riacae
388 1690 480 1730 libri
510 1691 698 1731 II—XII.
745 1693 841 1732 Inde
872 1693 993 1732 totius
1019 1695 1282 1744 dispositionis
1312 1695 1548 1734 lineamenta
1579 1695 1758 1745 cognosci

232 1751 409 1798 possunt.
454 1750 516 1788 Ibi
541 1763 642 1800 quae
666 1752 862 1801 leguntur,
888 1764 946 1800 ea,
970 1752 1046 1791 nisi
1065 1766 1217 1802 quoque
1235 1754 1319 1792 loco
1338 1753 1595 1792 demonstrari
1613 1754 1758 1803 poterit

229 1807 278 1845 ab
303 1808 563 1856 epitomatore
590 1809 806 1848 doctrinam
828 1809 955 1860 Sergii
978 1811 1019 1849 in
1038 1814 1248 1861 angustum
1266 1814 1441 1851 coactam
1460 1824 1556 1862 esse,
1579 1812 1757 1861 protinus

229 1865 269 1904 in
294 1866 527 1916 fragmentis
547 1868 772 1918 eclogarum
795 1869 974 1917 ponenda
993 1872 1095 1908 sunt.
1138 1870 1263 1908 Multo
1287 1871 1438 1908 cautius
1462 1870 1641 1909 versione
1659 1870 1756 1908 Ara-

227 1923 316 1962 bica
346 1925 536 1963 utendum
561 1929 640 1976 est,
671 1927 856 1976 quoniam
880 1927 1066 1978 vidimus,
1097 1940 1177 1978 qua
1204 1929 1361 1967 licentia
1385 1928 1509 1979 Kosta
1538 1929 1755 1978 exemplum

229 1982 305 2021 sibi
323 1984 567 2032 propositum
586 1985 843 2024 constituerit.
881 1984 1072 2025 Absolute
1091 1986 1393 2037 simpliciterque
1412 1987 1461 2025 ad
1481 1987 1634 2036 eclogas
1652 1986 1755 2025 Ana-

229 2041 316 2080 tolii
341 2054 362 2080 e
387 2042 498 2080 libris
517 2042 686 2090 I—VII,
706 2043 773 2094 XI,
791 2042 867 2082 XII
891 2043 1080 2083 versionis
1099 2044 1290 2083 Arabicae
1314 2045 1451 2084 referri
1469 2057 1547 2083 non
1564 2046 1657 2084 licet
1681 2045 1757 2084 nisi

229 2111 287 2149 ea,
313 2112 413 2149 quae
438 2103 507 2139 aut
524 2113 612 2139 cum
633 2100 864 2151 Geoponicis
885 2101 1055 2151 Graecis,
1080 2102 1250 2152 epitoma
1269 2103 1440 2154 Syriaca,
1467 2102 1643 2142 Palladio
1666 2115 1757 2143 con—

229 2158 392 2196 veniunt
422 2163 510 2209 aut,
549 2172 598 2197 ne
629 2171 652 2197 a
676 2159 802 2211 Kosta
831 2160 1008 2210 inspersa
1038 2173 1122 2200 esse
1152 2162 1378 2211 videantur,
1409 2164 1586 2201 auctores
1618 2161 1755 2200 Graeci

228 2216 379 2255 laudati
404 2217 562 2256 obstant
585 2218 649 2256 vel
668 2218 875 2258 universus
894 2219 1081 2258 orationis
1100 2222 1313 2259 contextus.
1357 2219 1565 2270 Ceteroqui
1585 2232 1755 2259 summo-

228 2287 322 2324 pere
345 2274 560 2314 cavendum
579 2278 651 2325 est,
676 2289 725 2314 ne
743 2277 968 2327 subrepant,
992 2290 1091 2328 quae
1110 2278 1236 2328 Kost'a
1260 2279 1342 2317 sive
1361 2279 1601 2328 experientia
1618 2278 1755 2318 doctus

229 2334 311 2372 sive
337 2335 494 2373 secutus
519 2334 729 2373 orientales
748 2338 926 2374 auctores
950 2348 1052 2375 nova
1069 2335 1288 2376 inseruerit.
1331 2337 1506 2386 Denique
1531 2337 1580 2375 ad
1598 2337 1753 2386 eclogas

231 2390 404 2430 Anatolii
428 2405 475 2431 ea
499 2405 652 2443 quoque
676 2394 894 2433 revocanda
918 2396 1019 2441 sunt,
1045 2407 1145 2444 quae
1169 2395 1272 2434 inter
1296 2394 1517 2445 Geoponica
1542 2394 1691 2434 Graeca
1715 2396 1756 2434 et

228 2449 448 2489 Palladium
480 2451 730 2500 conveniunt,
766 2452 842 2491 nisi
874 2452 1090 2491 doctrinam
1120 2453 1287 2492 Palladii
1324 2466 1371 2492 ex
1400 2452 1551 2492 Latinis
1580 2453 1755 2492 fontibus

229 2509 450 2548 manavisse
479 2509 598 2548 certis
625 2510 776 2549 indiciis
808 2511 1103 2560 comprobatum
1128 2511 1213 2551 erit.
1238 2533 1295 2539 -—
1318 2511 1382 2550 Ad
1412 2511 1533 2550 libros
1562 2511 1610 2550 de
1640 2523 1754 2562 gene-

228 2566 379 2606 ratione
417 2570 457 2606 et
493 2567 684 2607 medicina
718 2568 946 2607 animalium
981 2569 1138 2620 integra
1173 2569 1349 2610 revocari
1385 2569 1528 2609 debent
1563 2570 1754 2619 epitomae

230 2624 412 2675 Syriacae
442 2626 573 2676 capita
601 2626 698 2665 XIII
724 2628 894 2678 1—-66,
930 2627 1006 2666 nisi
1036 2628 1136 2668 forte
1167 2628 1438 2679 epitomatoris
1468 2640 1606 2666 manus
1638 2640 1754 2677 agno-

231 2684 374 2722 scenda
392 2684 523 2732 fuerit,
549 2685 698 2736 deinde,
723 2685 757 2724 si
781 2698 880 2736 quae
901 2689 1166 2726 convenerunt
1187 2687 1291 2726 inter
1308 2686 1428 2726 libros
1448 2685 1751 2736 Geoponicorum

231 2741 468 2780 Graecorum
488 2743 711 2782 XIV—XX
730 2746 771 2783 et
788 2744 976 2783 versionis
996 2744 1187 2785 Arabicae
1202 2745 1405 2795 vm—X,
1429 2744 1594 2795 denique
1614 2745 1754 2794 omnia,

234 2813 334 2850 quae
358 2801 462 2839 inter
486 2801 706 2851 Geoponica
729 2801 880 2842 Graeca
902 2803 965 2842 vel
989 2803 1151 2854 Kostam
1177 2806 1218 2843 et
1242 2803 1487 2854 Hippiatrica
1509 2803 1755 2852 conveniunt,

176 2869 182 2875 ·
233 2859 496 2910 cuiuscunque
520 2861 720 2910 scriptoris
744 2860 785 2900 in
803 2860 1056 2911 Hippiatricis
1081 2863 1274 2901 feruntur.
1316 2860 1627 2901 Consentaneum
1652 2861 1753 2899 enim
