1820 3126
0 1009 15 1112 ‹vv-mxc}
0 958 14 1003 vx„-
0 949 2 951 ’

381 151 456 187 Der
479 149 594 187 letzte
619 149 784 196 Feldzug
809 149 874 185 des
898 147 1208 184 hannibalischen
1233 148 1400 195 Krieges.

164 262 464 314 Infolgedessen
507 262 682 302 schickte
723 275 766 301 er
802 275 849 300 zu

108 323 317 362 Masinissa
340 322 413 361 mit
439 323 509 361 der
533 323 661 373 Bitte,
689 322 755 360 fur
779 321 848 360 ihn

105 383 218 422 einen
237 382 601 421 Waffenstillstand
626 381 691 421 bei
717 380 847 430 Scipio

103 455 151 480 zu
170 440 375 480 erwirken.
413 441 493 479 Das
514 441 698 491 geschah.
737 439 845 478 Han-

102 500 211 539 nibal
247 500 340 538 kam
378 500 452 539 mit
490 500 580 539 dem
617 500 764 538 Rssmer
800 512 846 537 zu

103 559 211 598 einer
247 559 526 609 pers6nlichen
563 558 847 608 Unterredung

101 630 345 669 zusammen,
401 618 502 658 doch
553 618 689 657 fiihrte
738 618 846 657 diese

100 678 212 717 nicht
246 691 294 716 zu
331 678 421 717 dem
457 677 743 728 gewiinschten
772 677 844 715 Er-

99 736 295 788 gebnisse.

159 795 273 834 Auch
324 797 426 846 jetziz
473 796 587 835 hatte
636 795 707 834 der
754 796 843 835 kar-

100 855 306 906 thagische
319 856 511 894 Feldherr
530 855 645 894 keine
659 855 846 894 Schlacht

99 915 154 953 im
186 914 322 964 Sinne‚
360 915 530 954 sondern
567 927 612 953 er
642 914 846 954 beabsich·

100 973 202 1024 tigte
216 987 292 1012 nur
303 974 415 1013 einen
426 974 686 1025 giinstigeren
696 974 843 1025 Lagei·-

99 1033 205 1082 platz
230 1047 278 1072 zu
303 1033 499 1073 besetzen.

156 1446 288 1497 Scipio
321 1448 433 1496 aber,
465 1448 536 1486 der
567 1447 692 1487 durch
718 1437 841 1486 Uber-

96 1506 226 1545 lssiufer
263 1506 498 1557 rechtzeitig
534 1507 665 1546 davon
698 1506 841 1546 Kunde

96 1566 278 1604 erhalten
303 1566 433 1617 hatte,
458 1566 552 1605 kam
576 1567 666 1605 dem
691 1566 840 1605 Hanni-

94 1625 161 1664 bal
178 1638 299 1665 zuvor
316 1625 398 1664 und
418 1625 592 1665 besetzte
613 1625 840 1666 seinerseits

94 1684 170 1723 den
194 1684 318 1723 Platz.

1584 147 1669 189 567

1011 258 1183 309 πέμψας
1209 257 1288 300 οὖν
1313 258 1421 310 πρὸς
1440 257 1518 301 τὸν
1539 258 1669 300 Μαςι-

952 316 1093 359 νίςςαν
1125 315 1183 359 δι’
1216 316 1382 359 ἐκείνου
1414 317 1473 359 ὡς
1505 316 1669 369 ὁμοφύ-

952 379 1030 418 λου
1068 376 1143 418 τὰς
1183 377 1368 418 ςπονδὰς
1406 377 1541 431 ᾔτηςε.
1602 377 1670 418 καὶ

950 436 1053 488 ἦλθε
1092 437 1169 487 μὲν
1208 436 1252 478 ἐς
1291 435 1448 486 λόγους
1485 438 1547 490 τῷ
1579 435 1668 478 Cut-

951 494 1090 546 πίωνι,
1117 494 1273 547 ἔπραξε
1301 495 1348 537 δὲ
1374 493 1554 550 οὐδέν.1)

1008 788 1142 843 μάχης
1168 790 1245 842 μὲν
1270 790 1367 842 περὶ
1388 789 1516 833 οὐδὲν
1537 789 1561 832 ὁ
1581 789 1668 834 Ἀν-

948 850 1066 903 νίβας
1092 849 1302 901 ἑνενόηςε,
1329 863 1666 902 μεταςτρατοπε-

947 909 1168 952 δεύςαςθαι
1207 909 1254 950 δὲ
1290 909 1349 951 εἰς
1385 909 1544 961 χωρίον
1577 910 1666 952 ἑπι-

946 968 1220 1021 τηδειότερόν
1245 982 1283 1010 τι
1309 968 1526 1020 ἠθέληςεν.

916 1031 1050 1081 App.:
1077 1027 1201 1069 πόλις
1226 1028 1353 1078 ἐγγὺς
1376 1028 1429 1080 ἦν
1452 1027 1581 1070 Κίλλα
1601 1027 1669 1070 καὶ

946 1086 1053 1139 παρ’
1086 1086 1219 1138 αὐτὴν
1254 1086 1395 1139 λόφος
1428 1086 1591 1139 εὐφυὴς
1623 1088 1667 1130 ἐς

946 1146 1294 1198 ςτρατοπεδείαν·
1334 1146 1386 1188 ὃν
1419 1146 1609 1189 ἐπινοῶν
1642 1146 1667 1189 ὁ

945 1204 1138 1258 Ἀννίβας
1174 1207 1410 1258 προλαβεῖν
1445 1206 1665 1258 ἐπέπεμπὲ

944 1278 1062 1307 τινας
1107 1264 1363 1317 διαγράφειν
1402 1265 1452 1307 τὸ
1492 1266 1665 1317 ςτρατό-

945 1327 1080 1366 πεδον
1135 1324 1204 1365 καὶ
1257 1323 1382 1366 εὐθὺς
1431 1323 1665 1377 ἀναςτήςας

944 1383 1137 1436 ἐβάδιζεν
1169 1382 1228 1425 ὡς
1260 1382 1376 1435 ἔχων
1406 1384 1483 1426 τὸν
1510 1383 1665 1437 λόφον.

915 1447 1038 1485 Zon.:
1076 1443 1120 1486 ἐξ
1161 1442 1414 1494 αὐτομόλων
1453 1443 1499 1485 δὲ
1535 1447 1664 1487 τοῦτο

944 1502 1091 1555 μαθὼν
1117 1501 1142 1544 ὁ
1168 1501 1351 1545 Εκιπίων
1377 1504 1662 1556 προεξανέςτη

944 1562 1095 1604 νυκτὸς
1121 1562 1189 1603 καὶ
1214 1559 1389 1614 κατέςχε
1414 1562 1492 1605 τὸν
1514 1562 1663 1616 τόπον,

945 1621 1003 1664 εἰς
1030 1622 1081 1664 ὃν
1106 1621 1270 1663 ἐκεῖνος
1295 1621 1507 1673 ἠπείγετο.

214 1776 248 1819 1)
274 1773 348 1810 Der
366 1773 657 1819 entspreohende
676 1772 879 1810 Abschnitt
897 1772 959 1809 bei
977 1772 1126 1818 Appian
1146 1771 1197 1808 ist
1214 1772 1321 1808 nicht
1339 1773 1419 1809 rein
1440 1772 1660 1820 ofilianisoh,

95 1832 134 1857 es
167 1821 250 1856 sind
280 1821 319 1856 in
349 1820 427 1856 ihm
453 1821 549 1856 auch
572 1821 662 1867 poly
664 1821 856 1857 bianische
880 1821 1074 1856 Elemensse
1100 1831 1166 1855 zur
1190 1819 1468 1868 Verarbeitung
1493 1821 1662 1868 gehugt,

95 1880 170 1904 was
197 1867 371 1915 folgende
397 1868 785 1914 Gegenuberstellung
808 1867 1091 1905 verdeutlichen
1115 1878 1220 1913 mag·

369 1940 478 1985 App.
499 1942 561 1975 39:

142 1988 440 2032 Καρχηδόνιοι
489 1988 529 2022 δ’
572 1987 840 2023 ἑπὲςτελλον

96 2035 270 2081 Ἀννίβᾳ
302 2054 344 2060 -
373 2055 418 2060 -
447 2037 619 2078 πολεμεῖν
658 2034 838 2080 (κιπίωνι,

93 2086 256 2127 κρῖναι,
290 2083 324 2118 δ’
354 2083 423 2118 ὅτι
447 2082 633 2125 τάχιςτα
657 2083 736 2118 τὸν
761 2083 839 2118 πό-

90 2131 226 2174 λεμον
253 2131 367 2175 μάχῃ
395 2130 454 2165 διὰ
477 2131 548 2174 τὴν
574 2130 742 2174 ἀπορίαν.

139 2225 160 2259 ὁ
192 2224 232 2260 δὲ
258 2224 477 2267 ἀνεζεύγνυε
501 2229 625 2268 τρεῖς
648 2229 727 2260 τοῖς
753 2225 838 2260 Ῥω-

93 2271 210 2315 μαίοις
229 2272 542 2306 καταςκόπους
567 2272 836 2316 ἐπιπέμψας·

91 2319 156 2354 οὓς
198 2320 219 2353 ὁ
254 2318 411 2361 (κιπίων
452 2319 558 2362 ἔλαβέ
594 2330 636 2354 τε
672 2321 732 2354 καὶ
769 2320 838 2354 οὐκ

91 2366 250 2401 ἔκτεινεν
270 2367 301 2400 ὥ
310 2377 327 2401 ς
334 2378 362 2401 π
369 2376 386 2401 ε
394 2365 453 2410 ρῖἔ
461 2369 482 2401 θ
490 2377 510 2400 o
520 2377 537 2401 c
554 2367 644 2402 τοὺς
663 2368 836 2402 καταςκό-

90 2424 183 2449 πους
208 2413 361 2448 κτείνειν
370 2442 378 2458 ,
405 2413 484 2448 ἀλλ’
509 2414 546 2448 ἐς
569 2414 614 2449 τὸ
640 2415 835 2458 ςτρατόπε-

91 2461 157 2496 δον
185 2481 227 2486 -
251 2481 292 2486 -·
317 2481 359 2486 —
385 2463 626 2505 περιαχθῆναι
657 2463 835 2507 κελεύςας,

90 2650 243 2686 ἀπέλυςε
286 2650 476 2695 φράζειν
521 2649 694 2696 Ἀννίβᾳ
737 2653 836 2696 περὶ

90 2698 299 2733 ἑκάςτων.

137 2840 158 2874 ὁ
190 2839 230 2874 δὲ
255 2839 321 2884 (sc.
348 2838 526 2883 Ἀννίβας)
559 2838 747 2882 ἠξίωςεν
772 2840 837 2875 ἔτι

90 2888 321 2922 ςυνελθεῖν
348 2885 409 2922 εἰς
427 2886 594 2928 λόγους
614 2885 837 2923 (κιπίωνι.

1186 1938 1266 1974 Pol.
1293 1949 1324 1974 o.
1346 1941 1384 1974 5:

962 1986 1011 2023 Οἱ
1030 1987 1077 2022 δὲ
1095 1986 1454 2031 Καρχηδόνιοι-
1470 2008 1514 2013 —
1530 1989 1660 2032 ἔπεμ-

911 2046 995 2070 πον
1032 2035 1144 2079 πρὸς
1179 2034 1259 2069 τὸν
1294 2034 1496 2078 Ἀννίβαν
1536 2037 1659 2079 δεόμε-

911 2094 970 2117 νοι
996 2084 1050 2126 μὴ
1078 2083 1256 2125 μέλλειν
1283 2082 1374 2117 ἀλλὰ
1398 2084 1660 2126 προςπελάζειν

911 2133 991 2165 τοῖς
1037 2129 1225 2173 πολεμίοις
1273 2130 1334 2164 καὶ
1383 2129 1554 2174 κρίνειν
1602 2132 1660 2167 τὰ

911 2177 1153 2222 πράγματα
1180 2177 1251 2212 διὰ
1277 2177 1431 2221 μάχης.
1459 2197 1503 2203 —

960 2245 1004 2250 —
1021 2245 1063 2250 -
1080 2245 1124 2250 -
1142 2225 1363 2267 ἐξέπεμψε
1381 2229 1505 2268 τρεῖς
1523 2236 1659 2262 κατα-

913 2273 986 2307 ςκό
998 2283 1115 2308 πους.
1154 2273 1174 2307 ὁ
1195 2273 1236 2307 δὲ
1253 2275 1331 2306 τῶν
1348 2272 1539 2315 Ῥωμαίων
1554 2284 1658 2318 ςτρα-

909 2320 1025 2364 τηγὸς
1066 2320 1232 2355 Πόπλιος
1280 2319 1565 2363 ἑπαναχθέντων
1609 2323 1660 2357 ὡς

910 2367 1026 2402 αὐτὸν
1068 2370 1146 2402 τῶν
1193 2367 1435 2402 καταςκόπων
1478 2372 1659 2404 τοςοῦτον

910 2415 1042 2458 ἀπέςχε
1061 2418 1129 2450 τοῦ
1147 2414 1312 2450 κολάζειν
1332 2415 1422 2450 τοὺς
1435 2415 1656 2461 ἑαλωκότας,

910 2462 1111 2506 καθάπερ
1138 2463 1241 2497 ἔθος
1260 2462 1350 2496 ἑςτὶ
1372 2465 1469 2497 τοῖς
1489 2463 1657 2508 ἄλλοις,

910 2510 961 2544 ὡς
972 2508 1194 2544 τούναντίον
1206 2509 1378 2552 ςυςτήςας
1388 2509 1514 2544 αὐτοῖς
1524 2510 1657 2554 χιλίαρ-

908 2567 976 2600 χον
985 2556 1136 2592 ἐπέταξε
1147 2557 1271 2591 πάντα
1278 2555 1463 2600 καθαρίως
1470 2557 1658 2593 ὑποδεῖξαι

908 2604 956 2639 τὰ
987 2604 1081 2639 κατὰ
1111 2605 1181 2647 τὴν
1206 2605 1455 2647 παρεμβολήν.
1507 2606 1656 2648 γενομέ-

908 2662 976 2686 νου
1003 2652 1043 2686 δὲ
1067 2652 1206 2685 τούτου
1228 2669 1271 2675 —-
1295 2670 1335 2675 —
1359 2670 1404 2676 --
1431 2651 1655 2687 ἑξαπέςτειλε

908 2699 1112 2742 προςτάξας
1130 2698 1352 2741 ἐπιμελῶς
1367 2698 1542 2744 Ἀννίβᾳ
1563 2700 1656 2734 δια-

910 2750 1069 2790 ςαφεῖν
1118 2746 1218 2789 περὶ
1260 2747 1350 2779 τῶν
1396 2745 1655 2790 ἀπηντημέ-

908 2804 999 2828 νων
1025 2793 1189 2828 αὐτοῖς.

958 2860 1001 2865 --
1029 2860 1073 2865 -
1102 2859 1144 2864 ——
1181 2838 1346 2882 Ἀννίβας
1380 2859 1424 2865 -
1452 2859 1496 2865 -
1526 2861 1568 2866 -
1605 2840 1655 2876 εἰς

910 2888 1029 2931 ὁρμὴν
1061 2887 1163 2922 ἔπεςε
1191 2889 1260 2922 τοῦ
1294 2887 1530 2930 βούλεςθαι
1556 2898 1653 2923 ςυν-

911 2937 1057 2970 ελθεῑν
1090 2933 1152 2969 εἰς
1182 2934 1346 2977 λόγους
1370 2939 1431 2980 τῷ
1456 2935 1651 2980 Ποπλίῳ.
