1820 3126
579 150 872 188 Lucubrationes
898 149 1185 195 Syro-Graecae.
1578 147 1664 190 365

107 268 256 308 monia!
281 288 338 295 —
365 265 473 310 Quae
504 277 763 316 quamquam,
799 264 832 303 si
857 263 987 304 obiter
1011 276 1096 302 rem
1122 265 1365 313 spectamus,
1396 261 1504 301 haud
1528 262 1665 312 paucis

105 329 223 368 rebus
252 339 380 377 neque
410 325 460 365 iis
491 326 651 376 quidem
682 324 837 365 levibus
869 324 974 363 inter
1008 336 1051 363 se
1083 323 1288 374 differunt,
1320 322 1379 361 ita
1410 324 1546 361 tamen
1573 323 1666 360 sunt

107 389 345 438 comparata,
369 387 417 424 ut
441 397 581 425 verum
606 384 721 424 facile
745 383 924 423 invenire
947 383 1158 433 possimus

220 446 395 485 Primum
416 445 464 484 de
483 446 645 484 aetate
664 444 740 484 viri
759 446 807 482 ut
825 443 1004 494 dixerim,
1026 444 1230 482 mortuum
1249 454 1335 482 esse
1356 441 1542 492 Sergium
1561 453 1664 480 anno

106 507 189 547 535
215 507 287 545 aut
311 506 395 545 536
426 504 598 544 efficitur
622 503 850 543 testimonio
877 502 1279 543 Pseudo-Zachariae.
1329 500 1592 541 Accuratiora
1616 502 1665 539 ut

104 577 300 615 eruamus,
326 563 498 604 adeundi
522 566 617 604 sunt
641 564 771 603 altera
796 576 842 602 ex
866 565 980 614 parte
1001 562 1292 613 Barhebraeus,
1318 574 1365 601 ex
1390 562 1518 600 altera
1543 561 1665 610 scrip-

104 628 210 664 tores
242 624 434 664 historiae
465 624 630 674 papalis.
658 645 713 651 —-
739 622 1128 662 Pseudo-Zacharias
1154 622 1385 672 Agapetum
1411 623 1452 660 et
1479 620 1663 672 Sergium

102 683 475 735 Constantinopolin
501 683 640 723 scribit
658 683 887 734 pervenisse
905 694 1042 722 mense
1061 681 1172 721 Adar
1192 681 1287 721 011111
1306 681 1440 720 indict.
1461 680 1570 731 XIV,
1596 680 1664 730 qui

101 746 163 784 est
186 744 354 784 Martius
386 744 491 783 ferre
522 743 617 783 anni
651 744 733 795 535
761 757 797 794 p.
819 742 908 783 Chr.
933 755 971 782 n.
1029 741 1180 781 Verum
1211 742 1252 780 id
1284 753 1371 780 esse
1402 741 1514 779 nullo
1545 742 1663 790 pacto

99 805 244 855 potest.
287 803 345 843 Ut
369 804 473 847 enim
499 804 682 843 omittam
701 803 891 842 Ioannem
911 802 952 841 II
975 801 1203 853 pontificem
1222 801 1459 852 Romanum,
1484 802 1527 839 in
1552 800 1664 839 cuius

99 864 230 904 locum
254 863 463 914 Agapetus
497 863 708 914 successit,
740 863 774 903 si
805 863 907 903 libro
938 856 1221 913 pontificaliffl)
1250 861 1348 900 fides
1380 860 1564 899 habenda
1589 861 1664 911 est,

100 922 300 974 sepultum
333 935 420 963 esse
454 923 496 962 in
528 923 694 962 basilica
724 922 919 962 Vaticana
948 935 982 961 a.
1018 922 1053 961 d.
1080 921 1148 962 VI.
1175 921 1264 960 Kal.
1294 920 1381 960 Iun.
1409 921 1493 960 595
1530 922 1663 971 atque,

99 984 256 1023 etiamsi
280 982 540 1023 Anastasium
570 975 982 1036 bibliothecariumffl)
1009 982 1148 1021 ducem
1177 993 1451 1032 sequeremur,
1485 992 1664 1019 mensem

98 1042 287 1082 Martium
313 1043 396 1083 eius
424 1042 518 1082 anni
541 1045 649 1082 certe
673 1043 716 1081 in
742 1042 827 1083 vita
851 1042 999 1082 vidisse
1018 1042 1157 1092 procul
1178 1041 1298 1081 dubio
1320 1053 1407 1080 esse
1427 1040 1662 1090 putandum,

99 1103 231 1154 ipsum
262 1102 490 1155 Agapetum
524 1104 683 1142 constat
712 1102 840 1143 Roma
870 1101 1008 1141 Idibus
1042 1100 1283 1141 Octobribus
1315 1100 1366 1139 ad
1396 1099 1664 1139 Iustinianum

98 1162 379 1213 imperatorem
409 1162 568 1202 litteras
602 1162 768 1202 dedisse.
777 1156 831 1216 63)
882 1162 987 1201 Ante
1018 1173 1196 1201 mensem
1226 1161 1353 1211 igitur
1383 1161 1466 1199 fere
1491 1159 1663 1211 Novem-

100 1222 212 1262 brem
237 1222 330 1261 anni
357 1223 441 1262 535
470 1224 517 1261 ut
540 1223 767 1273 Agapetum
793 1224 834 1262 et
859 1221 1046 1272 Sergium
1064 1220 1438 1271 Constantinopolin
1463 1220 1662 1270 profectos

102 1294 188 1322 esse
223 1284 466 1334 statuamus,
497 1281 584 1321 fieri
608 1294 772 1332 prorsus
797 1294 877 1321 non
900 1283 1046 1332 potest.
1096 1281 1224 1332 Atqui
1248 1281 1289 1319 in
1314 1280 1398 1320 vita
1422 1274 1660 1333 Agapetiffl)

101 1341 273 1393 legimus
297 1354 444 1392 papam
469 1341 842 1392 Constantinopolin
866 1342 1024 1382 venisse
1048 1353 1082 1380 a.
1110 1342 1146 1380 d.
1165 1341 1201 1379 X
1224 1341 1313 1379 Kal.
1331 1340 1422 1379 Mai.
1449 1340 1544 1379 anni
1564 1341 1661 1379 536.

102 1401 180 1440 Sed
210 1414 261 1440 ne
291 1401 364 1441 hoc
396 1401 556 1452 quidem
586 1401 860 1441 testimonium
891 1402 1093 1453 integrum
1119 1403 1192 1441 est.
1243 1401 1339 1439 Vita
1364 1400 1470 1439 0111111
1495 1399 1662 1439 cessisse

99 1459 329 1512 Agapetum
355 1461 535 1501 scribunt
558 1460 799 1501 Anastasius
825 1474 859 1501 a.
886 1462 921 1500 d.
942 1461 978 1499 V
1004 1461 1061 1501 Id.
1082 1455 1234 1513 Mai.⁶⁵)
1260 1462 1382 1511 atque
1407 1461 1487 1498 iam
1512 1459 1548 1497 X
1574 1459 1661 1498 Kal.

99 1521 189 1560 Mai.
216 1520 263 1573 is,
289 1521 357 1572 qui
376 1521 502 1561 vitam
520 1533 647 1572 papae
667 1521 709 1560 in
728 1522 831 1561 libro
850 1521 1068 1571 pontificali
1087 1514 1322 1573 scripsitssss),
1348 1519 1517 1570 denique
1538 1519 1663 1570 „feria

100 1580 240 1631 quinta
257 1581 299 1619 in
319 1593 441 1620 coena
460 1578 644 1631 domini“,
665 1594 765 1632 quae
785 1581 943 1632 dicitur,
964 1580 1241 1620 Barhebraeus
1249 1574 1315 1634 67).
1359 1578 1663 1629 Comprobanda

99 1640 223 1691 igitur
255 1653 343 1680 esse
373 1640 533 1680 videtur
567 1641 793 1680 coniectura
817 1634 1014 1694 Ρο31168),
1051 1641 1119 1691 qui
1155 1640 1255 1679 illud
1281 1639 1373 1678 Mai.
1406 1638 1501 1678 libri
1531 1639 1661 1689 ponti-

98 1699 224 1739 ficalis
247 1699 289 1738 in
307 1700 424 1740 Mart.
444 1700 591 1751 corrigi
609 1700 731 1740 iubet.
771 1700 1146 1751 Constantinopolin
1164 1702 1433 1750 pervenerunt
1451 1699 1661 1750 Agapetus

99 1761 140 1798 et
165 1758 330 1810 Sergius
355 1772 388 1799 a.
415 1760 452 1799 d.
477 1760 513 1798 X
537 1759 624 1800 Kal.
651 1761 766 1801 Mart.
799 1757 951 1813 (mense
977 1754 1108 1813 Adar)
1142 1760 1235 1799 anni
1261 1761 1346 1800 536
1375 1753 1529 1813 (indict.
1555 1755 1661 1811 XV).

98 1818 191 1858 Mai.
220 1819 263 1858 in
291 1819 395 1858 libro
425 1819 643 1870 pontificali
673 1819 833 1860 videtur
862 1820 1014 1860 factum
1045 1832 1152 1871 esse,
1183 1832 1274 1859 cum
1298 1819 1455 1858 librarii
1481 1819 1584 1858 oculi
1610 1819 1662 1857 ad

98 1878 287 1918 inferiora
318 1891 375 1930 „a.
402 1879 438 1919 d.
463 1879 500 1918 X
524 1879 612 1918 Kal.
638 1877 756 1919 Mai.“
788 1880 1033 1919 aberrarent.
1087 1879 1126 1919 A
1156 1879 1537 1919 Pseudo-Zacharia
1566 1891 1662 1918 vero

97 1938 323 1989 putaverim
353 1951 500 1978 annum
531 1939 667 1980 indict.
692 1939 788 1978 XIV
812 1953 886 1990 pro
911 1940 987 1979 XV
1017 1940 1198 1979 consulto
1231 1940 1409 1990 positum
1435 1951 1540 1990 esse,
1572 1951 1662 1978 cum

98 1998 225 2049 magis
257 1998 430 2038 fanatico
464 1999 553 2038 odio
586 2011 705 2050 quam
736 2000 868 2040 studio
902 2001 989 2040 veri
1020 1999 1233 2039 obsecutus
1265 1999 1308 2038 id
1332 2000 1491 2051 ageret,
1522 2000 1569 2037 ut
1594 1999 1661 2037 ad-

99 2061 242 2097 ventus
270 2058 469 2108 pontificis
495 2058 571 2097 sibi
595 2059 715 2099 invisi
741 2059 972 2100 coniunctus
997 2072 1085 2099 esse
1110 2060 1315 2099 videretur
1340 2072 1430 2099 cum
1454 2058 1663 2109 prodigiis,

100 2117 246 2168 quibus
270 2131 406 2157 mense
430 2118 542 2157 Adar
567 2119 660 2158 anni
687 2120 770 2159 535
797 2119 953 2159 turbari
979 2125 1139 2170 coeptos
1166 2132 1253 2159 esse
1277 2120 1484 2158 hominum
1510 2118 1663 2157 animos

100 2179 248 2216 narrat.
299 2177 440 2229 Itaque
467 2177 669 2230 Sergium,
696 2180 763 2230 qui
789 2182 883 2219 ante
910 2179 1139 2231 Agapetum
1166 2193 1186 2219 0
1211 2179 1297 2219 vita
1322 2179 1458 2228 cessit,
1491 2178 1663 2218 efficitur

99 2236 279 2276 obiisse
304 2238 432 2277 inter
456 2251 492 2278 a.
518 2239 555 2278 d.
579 2238 616 2277 X
640 2238 740 2278 Kal.
767 2239 903 2279 Mart.
930 2242 977 2279 et
1002 2252 1036 2278 a.
1063 2240 1100 2279 d.
1125 2239 1162 2278 X
1187 2239 1288 2278 Kal.
1308 2239 1413 2279 Mai.
1439 2238 1549 2278 anni
1577 2239 1660 2277 536

100 2295 295 2348 siquidem
327 2309 416 2336 cum
447 2298 533 2337 vita
563 2298 739 2349 Agapeti
770 2301 910 2338 contra
937 2299 1195 2339 Anastasium
1227 2299 1358 2339 facere
1383 2298 1662 2338 Barhebraeus

98 2356 269 2396 videtur.
318 2356 423 2403 Quot
454 2370 577 2397 annos
608 2363 702 2398 tunc
734 2359 926 2409 temporis
951 2360 1070 2399 natus
1097 2359 1235 2409 fuerit,
1266 2372 1316 2398 ne
1342 2358 1477 2409 aliqua
1502 2358 1663 2409 quidem

98 2428 187 2455 cum
221 2417 349 2467 specie
383 2417 483 2456 certi
517 2417 673 2457 definiri
704 2420 848 2469 potest.
898 2419 1039 2470 Neque
1072 2419 1179 2458 enim
1210 2419 1259 2458 de
1286 2421 1418 2458 aetate
1443 2418 1556 2457 Petri
1581 2418 1664 2468 epi-

101 2476 219 2526 scopi,
245 2489 324 2527 quo
350 2477 558 2516 ecclesiam
576 2477 859 2518 Resainensem
884 2481 1049 2530 regente
1075 2479 1295 2519 orationem
1320 2479 1369 2518 de
1395 2478 1472 2517 fide
1498 2477 1662 2528 Sergius

98 2535 258 2584 habuit,
289 2536 501 2587 quicquam
532 2538 705 2590 constat,
735 2538 815 2577 nisi
846 2540 938 2578 ante
965 2538 1156 2578 Severum
1187 2538 1456 2589 patriarcham
1482 2551 1572 2577 eum
1598 2538 1662 2576 de-

97 2594 278 2635 functum
303 2608 402 2648 esse,
426 2596 468 2635 id
493 2597 600 2647 quod
625 2597 689 2636 vel
715 2610 736 2636 e
760 2598 846 2638 loco
870 2597 1259 2638 Pseudo-Zachariae
1284 2598 1467 2648 intellegi
1492 2600 1663 2648 poterat,

98 2653 247 2694 diserte
271 2655 548 2696 Barhebraeus
580 2656 756 2696 affirmat
787 2657 830 2696 in
861 2658 1030 2698 chronic.
1058 2659 1195 2698 eccles.
1215 2658 1257 2696 H
1278 2659 1374 2698 215.
1426 2657 1496 2696 Sin
1527 2658 1662 2696 autem

98 2715 308 2766 probetur,
345 2716 451 2767 quod
484 2718 626 2766 postea
661 2716 892 2757 confirmare
926 2718 1118 2769 conabor,
1157 2717 1296 2768 Sergio
1331 2729 1433 2756 anno
1465 2717 1548 2756 fere
1575 2717 1660 2755 508

99 2773 308 2814 chronicon
338 2774 479 2815 Iosuae
512 2775 684 2826 Stylitae
722 2775 898 2816 dicatum
932 2790 1036 2827 esse,
1074 2778 1334 2827 interpretem
1365 2777 1661 2824 Resainensem,

99 2845 188 2872 cum
211 2833 333 2873 Iosua
363 2835 510 2875 librum
541 2848 658 2875 suum
688 2835 774 2874 viro
804 2838 924 2887 paulo
951 2849 993 2876 se
1018 2839 1119 2876 natu
1143 2836 1284 2875 maiori
1310 2837 1442 2876 dicare
1466 2836 1661 2883 videatur,

100 2892 184 2932 veri
204 2893 332 2933 simile
352 2896 414 2934 est
432 2895 617 2945 spiritum
637 2894 796 2935 duxisse
820 2909 966 2947 prope
993 2896 1050 2936 ad
1075 2909 1245 2936 annum
1265 2896 1445 2935 aetatis
1467 2897 1661 2944 septua-

14 2983 18 2987 ,
101 2952 342 3002 gesimum.
