1820 3126
233 138 318 181 436
846 141 888 179 Δ.
914 142 1148 180 Baumstark:

239 253 307 299 49,
330 253 399 301 11;
427 253 493 302 50,
514 253 557 302 33
584 253 648 300 53,
672 253 742 301 123
769 254 835 303 60,
857 255 927 303 19;
952 253 1055 294 Plut.
1081 255 1128 293 de
1154 255 1276 294 cohib.
1302 255 1345 294 ir.
1370 256 1416 294 A.
1436 255 1472 294 S.
1497 258 1590 306 188,
1611 258 1677 304 22,
1698 258 1765 306 24,

241 312 311 360 253
339 312 435 360 189,
457 313 491 358 1,
513 312 550 360 8,
572 313 608 358 9,
630 311 694 358 10,
717 312 768 350 13
785 324 853 362 ss.;
881 314 974 360 192,
995 314 1068 362 283
1096 315 1282 363 193,18;
1311 315 1410 364 194,
1431 316 1501 364 19,
1523 316 1595 365 24;
1623 317 1716 366 195,
1738 317 1761 354 6

241 370 349 418 ipsae
380 369 536 419 quidem
568 372 771 418 poetarum
802 370 1169 421 philosophorumve
1202 373 1420 411 sententiae
1454 373 1515 412 vel
1545 373 1764 412 narratiun-

239 428 347 465 culae
379 427 708 477 disputationibus
740 428 909 467 insertae
934 429 1008 467 fide
1041 442 1116 468 non
1142 430 1323 468 mediocri
1358 431 1666 482 transferuntur,
1697 431 1764 470 sed

237 487 415 524 tacentur
451 485 608 525 nomina
644 498 667 524 a
705 487 959 536 scriptoribus
993 487 1152 526 Graecis
1183 488 1352 527 laudata.
1401 489 1446 527 Id
1482 489 1586 540 quod
1621 502 1690 539 per
1721 502 1762 528 se

238 544 351 582 facile
377 545 434 582 ita
456 546 613 594 poterat
637 545 838 594 explicari,
865 548 910 584 ut
934 547 1196 585 statueremus
1223 546 1402 596 Sergium
1428 559 1490 597 ea,
1515 560 1614 597 quae
1639 560 1763 598 neque

236 602 366 641 afferri
387 603 555 641 multum
576 603 795 652 interesset,
824 616 948 653 neque
973 605 1179 654 populares
1204 605 1361 655 cognita
1384 605 1583 656 haberent,
1608 607 1765 644 nomina

237 661 395 710 propria
419 661 605 700 omisisse.
655 661 802 700 Verum
835 662 937 700 unde
967 662 1006 700 id
1038 663 1183 702 factum
1212 676 1296 702 esse
1320 665 1521 713 putemus,
1554 666 1598 702 ut
1629 664 1762 703 eadem

235 719 393 758 nomina
414 719 528 758 modo
547 719 812 758 retinerentur
830 720 943 759 modo
964 720 1118 759 silentio
1139 723 1555 771 praetermitterentur,
1580 724 1624 760 ut
1642 722 1761 761 inter-

237 778 327 815 dum
354 778 628 816 omitterentur
647 779 764 817 etiam
784 779 940 817 nomina
958 779 1185 829 clarissima,
1210 792 1385 830 quaeque
1405 780 1562 829 Sergius
1582 779 1762 819 dubitare

237 848 313 874 non
331 838 499 886 poterat,
519 837 611 887 quin
631 837 699 885 eis,
725 849 888 886 quorum
907 838 997 875 usui
1017 838 1213 877 versiones
1233 850 1324 876 suas
1344 838 1568 888 destinaret,
1588 839 1761 888 adprime

239 896 396 944 cognita
421 898 549 933 essent
574 895 684 933 velut
702 894 872 934 Socratis
882 889 964 949 ⁴¹42),
990 891 1330 948 Hippocratis‘ffl‘),
1356 891 1662 950 Ptolemaeiffl‘),
1687 909 1764 936 ser-

236 955 423 992 varentur
448 954 558 992 velut
578 952 842 1002 Ctesiphontis
868 949 1261 1007 pancratiastae⁴⁴⁵)?
1306 954 1381 992 Sed
1405 957 1450 993 ut
1474 955 1570 993 istas
1593 955 1762 994 rationes

237 1011 450 1061 dimittam,
483 1011 596 1050 nobis
621 1012 923 1061 persuadeamus
949 1013 1187 1051 archiatrum
1211 1013 1444 1062 Romanum,
1476 1012 1613 1051 Galeni
1644 1014 1761 1052 inter-

236 1072 387 1120 pretem
423 1070 534 1108 illum
573 1070 909 1119 elegantissimum
949 1083 993 1109 eo
1031 1071 1170 1110 adduci
1203 1072 1391 1121 potuisse,
1427 1074 1473 1109 ut
1501 1071 1764 1122 Hippocratis,

238 1141 346 1177 eum,
377 1141 493 1179 quem
526 1128 779 1178 Alexandria,
811 1141 924 1179 quem
955 1129 1269 1179 frequentissima
1299 1129 1414 1168 lectio
1445 1130 1669 1169 Aristotelis
1699 1130 1764 1169 do·

239 1188 402 1238 cuisset,
434 1190 479 1226 ut
503 1186 674 1226 Socratis
698 1199 840 1226 nomen
863 1188 1111 1238 praeteriret,
1142 1190 1211 1227 aut
1242 1190 1323 1226 tam
1347 1188 1484 1226 rudem
1512 1190 1552 1226 et
1575 1188 1764 1227 rusticum

237 1246 352 1284 nobis
377 1246 630 1284 informemus
655 1245 799 1294 virum,
826 1246 893 1296 qui
917 1258 1050 1285 omnes
1075 1247 1172 1297 fere,
1197 1258 1296 1296 quae
1322 1258 1394 1284 sua
1417 1248 1546 1288 aetate
1571 1246 1763 1298 florerent,

241 1304 467 1354 disciplinas
485 1304 629 1342 litteris
650 1304 985 1353 complecteretur,
1005 1305 1050 1342 ut
1068 1306 1149 1343 veri
1162 1305 1287 1343 simile
1300 1305 1480 1343 videatur
1498 1305 1548 1343 ab
1567 1317 1611 1344 eo
1625 1305 1764 1343 Miner-

239 1375 328 1401 vam
347 1363 474 1401 virum
492 1362 637 1400 factam
657 1374 740 1400 esse
759 1362 867 1401 tibiis
887 1357 1196 1415 canentem4⁴⁶)?
1213 1383 1262 1390 -
1278 1363 1453 1413 Denique
1472 1365 1517 1401 ut
1535 1363 1629 1402 haec
1647 1375 1763 1414 argu·

239 1422 374 1459 menta
398 1420 546 1459 lubrica
572 1421 650 1459 sint
675 1420 820 1471 omnia,
853 1433 1028 1471 quaeque
1053 1434 1190 1471 parum
1215 1421 1331 1460 liceat
1354 1422 1394 1459 in
1417 1421 1643 1461 universum
1667 1421 1764 1460 iudi-

237 1480 335 1528 cari,
367 1479 522 1519 versio
548 1478 707 1517 libelli
740 1479 792 1517 de
817 1479 1076 1518 cohibenda
1102 1479 1173 1518 ira
1196 1480 1269 1531 ita,
1299 1481 1345 1518 ut
1368 1479 1415 1518 ad
1440 1482 1614 1519 nostram
1638 1493 1763 1530 usque

237 1539 408 1577 aetatem
451 1540 607 1576 servata
637 1538 714 1587 est,
751 1538 799 1576 ab
833 1537 1046 1587 interprete
1078 1538 1303 1577 Resainensi
1336 1551 1414 1577 non
1446 1540 1575 1588 potest
1608 1539 1764 1578 condita

238 1608 335 1635 esse.
379 1595 620 1635 Retractatio
638 1596 768 1646 potius
789 1596 944 1635 videtur
963 1609 1047 1635 esse
1067 1596 1228 1647 Syriaco
1248 1609 1422 1635 sermone
1441 1597 1623 1635 instituta
1648 1609 1764 1647 quam

239 1655 446 1694 translatio
471 1654 703 1703 exemplaris
722 1654 870 1693 Graeci.
911 1654 1020 1694 Adeo
1046 1656 1171 1694 multa
1195 1657 1264 1694 aut
1287 1656 1400 1704 plane
1425 1656 1569 1694 omissa
1592 1650 1764 1709 sunt⁴⁴⁷)

239 1716 308 1752 aut
333 1725 521 1763 perquam
546 1713 667 1752 libere
693 1715 733 1751 et
755 1713 1007 1763 indiligenter
1030 1708 1312 1767 translata⁴⁴⁸)‚
1338 1716 1382 1752 ut
1405 1715 1559 1752 tantum
1576 1714 1616 1752 in
1635 1716 1761 1752 trans·

240 1784 354 1811 cursu
373 1784 551 1811 moneam
570 1771 768 1822 dialogum
791 1771 929 1810 Graeci
948 1772 1115 1822 exempli
1138 1774 1327 1822 perpetua
1346 1772 1520 1810 oratione
1540 1784 1764 1822 expressum

240 1843 335 1870 esse.
361 1830 495 1880 Atqui,
516 1829 550 1869 si
563 1842 628 1868 eos
641 1830 745 1869 locos
761 1833 991 1879 spectamus,
1011 1830 1079 1881 qui
1092 1831 1312 1869 accuratius
1326 1843 1412 1869 cum
1426 1831 1602 1880 exemplo
1616 1830 1763 1870 Graeco

240 1889 491 1938 conveniunt,
529 1888 655 1928 versio
693 1890 733 1927 et
764 1889 954 1928 scribendi
984 1901 1126 1939 genere
1165 1891 1204 1928 et
1233 1891 1318 1928 arte
1348 1888 1630 1938 interpretandi
1669 1890 1763 1928 adeo

243 1961 329 1987 cum
355 1947 514 1996 ceteris,
545 1959 643 1997 quae
675 1946 758 1985 sine
782 1947 1008 1996 interpretis
1032 1947 1187 1987 nomine
1218 1948 1395 1986 servatae
1419 1949 1527 1998 sunt,
1556 1948 1763 1997 conspirat,

243 2009 288 2045 ut
318 2006 366 2045 ab
400 2006 534 2045 eodem
565 2017 697 2044 omnes
727 2006 920 2054 profectas
951 2018 1036 2044 esse
1066 2006 1279 2055 interprete
1314 2006 1484 2044 dubitari
1521 2018 1597 2044 non
1630 2005 1763 2055 possit.

244 2065 302 2103 Eo
322 2065 445 2115 igitur
463 2077 526 2103 res
545 2064 658 2113 redit,
684 2066 728 2101 ut
753 2066 834 2102 aut
851 2065 1113 2114 negandum
1134 2065 1198 2104 sit
1216 2064 1455 2103 versiones
1474 2064 1585 2103 illas
1605 2063 1764 2114 Sergii

240 2135 343 2162 esse
368 2122 676 2161 Resa'inensis
701 2125 781 2160 aut
805 2120 1108 2162 statuendum
1133 2122 1355 2173 graviora
1378 2122 1467 2161 illa
1491 2122 1766 2161 discrimina

239 2182 523 2221 recentioris
548 2180 911 2220 retractationis
937 2181 1145 2231 vestigia
1163 2193 1276 2220 esse.
1320 2180 1446 2231 Sergii
1464 2181 1661 2220 versiones
1679 2193 1763 2220 esse

240 2242 445 2290 quominus
463 2252 662 2290 negemus,
680 2240 803 2278 mirus
823 2252 957 2278 eorum
975 2239 1015 2278 in
1030 2239 1223 2278 scribendi
1239 2239 1495 2290 vertendique
1512 2239 1663 2279 ratione
1677 2252 1763 2278 cum

240 2298 417 2338 versione
441 2298 531 2336 libri
557 2297 603 2338 de
628 2298 772 2336 mundo
798 2300 1007 2337 concentus
1033 2298 1175 2337 obstat.
1225 2297 1371 2337 Contra
1395 2309 1479 2337 esse
1510 2298 1700 2348 quaedam
1724 2297 1764 2336 in

242 2358 297 2396 eis
322 2357 634 2407 interpolationis
659 2356 828 2406 vestigia
850 2357 928 2395 iam
947 2369 1066 2407 supra
1083 2357 1293 2406 probatum
1313 2358 1382 2396 est.
1426 2355 1624 2396 Contendo
1643 2356 1764 2407 igitur

240 2416 438 2455 versiones
451 2414 647 2463 Isocratis,
664 2414 836 2465 Luciani,
849 2415 1066 2463 Themistii,
1083 2414 1295 2466 Plutarchi,
1315 2427 1414 2465 quae
1432 2415 1558 2453 adhuc
1576 2414 1615 2453 in
1636 2415 1763 2453 lucem

240 2474 367 2513 editae
393 2477 502 2525 sunt,
533 2486 557 2512 a
582 2473 717 2523 Sergio
742 2473 969 2512 Resainensi
995 2473 1171 2512 conditas
1204 2474 1359 2524 quidem
1384 2485 1484 2522 esse,
1515 2473 1582 2511 sed
1606 2486 1684 2512 non
1708 2473 1763 2511 in-

240 2535 372 2583 tegras
403 2534 598 2580 servatas,
634 2544 769 2571 verum
808 2531 925 2570 aliam
963 2531 1012 2570 ab
1044 2532 1120 2571 alio
1151 2532 1337 2571 monacho
1368 2530 1466 2581 Syro
1498 2533 1762 2570 retractatam.

244 2591 368 2637 Quam
393 2592 655 2631 coniecturam
679 2589 713 2629 si
737 2590 923 2639 exemplis
946 2590 1173 2630 confirmare
1192 2589 1419 2640 oportuerit,
1443 2589 1584 2639 quibus
1606 2590 1762 2628 demon-

244 2652 392 2688 stretur
429 2649 618 2689 eiusmodi
653 2649 948 2688 retractationes
985 2649 1034 2687 ab
1070 2649 1253 2689 universa
1287 2647 1507 2687 condicione
1542 2648 1762 2687 litterarum

242 2707 491 2758 Syriacarum
520 2720 597 2746 non
628 2719 713 2746 esse
750 2707 914 2755 alienas,
951 2707 1026 2746 duo
1065 2708 1240 2757 exempla
1274 2706 1488 2757 proferam,
1525 2718 1572 2746 ea
1607 2706 1763 2756 quidem

243 2766 497 2805 celeberrima
521 2766 703 2817 Honaini,
726 2777 750 2804 a
773 2777 849 2816 quo
874 2765 1042 2805 vidimus
1066 2766 1189 2815 ipsius
1209 2764 1334 2816 Sergii
1357 2765 1555 2804 versiones
1573 2764 1763 2803 Galeneas

242 2827 474 2864 retractatas
501 2837 598 2875 esse,
624 2826 664 2863 et
682 2823 813 2863 Iacobi
832 2823 1031 2875 Edesseni,
1055 2837 1170 2874 quem
1195 2825 1347 2863 constat
1370 2835 1470 2862 anno
1492 2824 1573 2862 675
1598 2823 1762 2873 hymnos

244 2883 526 2922 ecclesiasticos
557 2895 581 2922 a
611 2885 744 2923 sancto
770 2882 892 2922 Paulo
923 2883 1101 2932 episcopo
1131 2881 1325 2922 Edesseno
1357 2894 1376 2920 e
1408 2881 1554 2921 Graeco
1585 2893 1762 2921 sermone
