1820 3126
539 136 832 173 Lucubrationes
859 134 1144 181 Syro-Graecae.
1536 132 1622 176 389
1658 113 1663 119 ⁸

185 253 311 306 Kosta
336 251 372 291 X
394 252 465 301 153
492 249 537 289 G.
559 249 595 289 S.
614 249 714 288 XIII
734 250 807 299 653
834 247 880 288 G.
903 247 948 287 G.
967 247 1041 287 XX
1061 249 1084 286 2
1114 249 1153 286 et
1180 249 1206 287 4
1238 248 1312 299 ita,
1344 249 1390 286 ut
1413 249 1622 298 praeterea

70 313 215 353 habeat
238 311 367 350 Arabs
393 310 586 360 quaedam
613 322 634 348 e
660 308 832 348 Sotionis
858 307 971 347 libris
999 309 1168 357 sumpta.

183 371 359 421 Denique
379 369 552 420 plurima
571 382 629 419 ea,
650 381 750 419 quae
770 368 818 407 de
838 367 1090 407 insitionibus
1111 367 1297 406 arborum
1318 365 1480 405 exhibet
1493 365 1622 417 Kosta

65 431 257 483 capitibus
283 429 318 466 V
340 431 408 480 21,
436 431 502 477 27,
529 429 596 479 33,
622 430 692 479 43,
719 428 786 479 51,
815 429 886 487 53,
902 427 970 478 55,
998 428 1065 474 57,
1089 428 1156 477 60,
1178 428 1251 477 64,
1279 428 1347 474 67,
1368 427 1436 475 69,
1458 428 1524 476 70,
1552 428 1620 476 76,

66 502 304 542 quamquam
334 501 413 528 non
442 488 593 538 verbis,
629 488 749 526 rebus
781 491 886 526 certe
926 488 967 525 et
996 487 1218 536 praeceptis
1255 486 1494 526 conveniunt
1530 498 1620 524 cum

66 551 214 589 Pallad.
234 549 330 587 XIV
354 543 424 602 (ad
450 547 701 599 Pasiphilum
726 547 775 586 de
799 541 1005 600 insitione)
1029 558 1106 586 vss.
1129 547 1346 597 55—116,
1374 547 1619 595 119-142,

65 611 146 650 149
180 610 351 707 Μ111ε15ΐ11111
377 680 471 707 sane
495 667 622 718 abest,
646 668 693 707 ut
716 667 758 705 in
783 666 965 706 omnibus
992 666 1175 704 accurate
1195 664 1323 716 Kosta
1348 667 1419 704 aut
1443 677 1532 704 cum
1557 678 1616 704 re-

61 728 242 768 censione
269 727 419 766 Graeca
443 728 514 766 aut
537 739 626 766 cum
652 726 826 778 Syriaca,
854 739 904 764 110
930 725 1056 764 dicam
1081 737 1172 764 cum
1197 724 1378 764 Palladio
1405 725 1616 775 conspiret.

62 788 185 827 Immo
210 787 452 838 paucissima
475 799 547 836 pro
573 789 661 825 rata
685 789 799 836 parte
825 786 956 836 capita
982 787 1092 833 sunt,
1126 785 1175 823 de
1200 785 1344 835 quibus
1375 786 1426 824 ad
1451 785 1617 824 verbum

61 847 228 899 Kostam
264 847 371 886 inter
409 848 450 885 et
486 846 710 896 Geoponica
747 845 897 885 Graeca
940 845 1011 884 aut
1045 844 1267 884 versionem
1305 844 1510 895 Syriacam
1546 847 1618 883 aut

0 911 1 914 ’
58 907 280 946 Palladium
311 905 530 946 conveniat.
586 906 721 945 Nihilo
761 918 856 945 vero
888 905 1015 944 secius
1051 904 1250 944 artissime
1288 917 1378 943 eum
1417 917 1507 943 cum
1537 905 1617 943 illis

0 973 3 992 ³
59 967 285 1016 cohaerere,
317 966 350 1005 si
381 966 469 1017 quis
495 965 830 1016 comparationem
864 978 887 1004 a
911 965 1026 1004 nobis
1050 964 1279 1003 institutam
1312 965 1436 1003 oculis
1462 964 1618 1015 obierit,

0 1038 2 1046 ²
57 1027 255 1077 protinus,
292 1025 370 1065 nisi
401 1025 538 1075 fallor,
576 1025 774 1064 concedet.
836 1024 969 1075 Atque
1006 1025 1148 1074 longe
1187 1024 1377 1074 quidem
1415 1024 1619 1063 maxima

0 1100 3 1126 1·
58 1085 397 1126 convenientia
421 1086 496 1124 est
526 1086 658 1123 inter
684 1084 888 1124 Arabem
921 1086 966 1123 et
992 1083 1171 1135 Syrum.
1221 1083 1401 1122 Plurima
1430 1097 1501 1134 pro
1527 1084 1618 1123 rata

0 1145 4 1181 ’.
56 1147 170 1196 parte
202 1146 306 1184 inter
332 1157 398 1185 eos
429 1145 562 1194 capita
592 1145 843 1184 conveniunt.
894 1144 1059 1194 Semper
1084 1143 1184 1192 fere,
1216 1144 1286 1182 ubi
1316 1144 1480 1195 gravius
1511 1144 1617 1184 inter

0 1247 2 1249 ,
57 1218 98 1245 80
125 1205 350 1256 Geoponica
370 1204 522 1244 Graeca
546 1207 587 1243 et
612 1204 1035 1255 Syriaca-discrepant,
1064 1203 1187 1255 Kosta
1211 1216 1234 1241 a
1260 1203 1442 1253 partibus
1469 1204 1611 1243 versio-

1 1279 2 1282 *
55 1266 115 1304 nis
141 1264 327 1316 Syriacae
359 1266 450 1303 stat.
499 1264 592 1304 Non
622 1277 750 1314 pauca
780 1276 870 1303 cum
901 1263 1002 1313 Syro
1033 1264 1259 1302 communia
1289 1263 1427 1314 habet,
1459 1276 1561 1314 quae
1593 1276 1617 1302 a

57 1324 290 1375 Geoponicis
323 1323 483 1363 Graecis
520 1324 652 1363 aliena
687 1325 778 1363 sint.
842 1323 1020 1373 Denique
1056 1324 1097 1361 in
1135 1323 1321 1362 universa
1357 1323 1615 1373 dispositione

57 1384 282 1436 argumenti
313 1385 438 1423 multo
470 1383 597 1434 magis
630 1383 722 1434 Syri
752 1382 933 1434 vestigiis
965 1383 1115 1422 insistit
1146 1395 1264 1433 quam
1292 1382 1441 1422 Graeci.
1492 1382 1616 1421 Velut

55 1446 182 1483 totam
208 1444 258 1482 de
282 1443 529 1493 plantatione
555 1446 595 1482 et
621 1456 714 1482 cura
734 1443 911 1482 olearum
931 1442 1241 1493 disputationem
1263 1436 1328 1496 (G.
1351 1441 1395 1481 G.
1415 1442 1488 1493 IX3
1518 1441 1562 1481 G.
1576 1442 1614 1482 S.

54 1503 112 1542 XI
139 1504 314 1554 4-—233
349 1503 474 1555 Kost'a'
505 1497 582 1557 VI)
615 1504 754 1542 contra
784 1502 962 1542 ordinem
994 1502 1221 1552 eclogarum
1253 1501 1495 1541 Graecarum
1526 1514 1616 1541 cum

56 1563 155 1614 Syro
181 1563 294 1613 ponit
324 1564 415 1613 post
440 1565 573 1602 cetera
604 1562 652 1601 de
677 1563 850 1601 colendis
876 1562 1085 1601 arboribus
1111 1564 1324 1612 praecepta
1349 1556 1413 1615 (G.
1441 1561 1486 1602 G.
1514 1562 1550 1600 X
1576 1565 1617 1601 et

55 1623 131 1672 XI;
156 1622 201 1662 G.
222 1622 259 1661 S.
279 1623 332 1672 X,
358 1622 484 1674 Kosta
497 1616 564 1676 V).
588 1643 638 1650 —
667 1623 772 1661 Illud
797 1622 939 1673 igitur,
966 1622 1147 1672 quamvis
1166 1622 1295 1660 multa
1313 1623 1451 1660 contra
1469 1621 1614 1672 aliquis

55 1682 254 1732 proferat,
286 1683 351 1721 vix
376 1683 524 1732 poterit
548 1682 716 1721 refutari
740 1682 862 1722 libros
888 1681 964 1719 XII
989 1681 1141 1734 Kostae
1174 1684 1216 1720 et
1240 1681 1481 1731 Geoponica,
1513 1695 1614 1732 quae

55 1742 253 1792 dicuntur,
279 1741 442 1792 Syriaca
466 1742 688 1793 propinqua
713 1743 883 1792 quadam
908 1741 1143 1792 cognatione
1167 1741 1273 1780 inter
1299 1754 1340 1780 80
1360 1741 1565 1781 contineri.

172 1801 298 1847 Quam
336 1803 549 1852 antequam
586 1802 809 1841 accuratius
846 1801 1098 1853 definiamus,
1135 1801 1271 1852 paucis
1309 1801 1520 1840 dicendum
1552 1803 1613 1840 est

55 1862 108 1899 de
133 1861 362 1901 universa
393 1861 554 1911 operis
585 1874 610 1900 a
634 1861 872 1911 Lagardio
906 1861 1025 1900 editi
1055 1861 1217 1900 indole
1249 1862 1392 1912 atque
1423 1863 1611 1900 natura.

53 1920 185 1960 Facile
211 1921 315 1959 enim
340 1933 429 1960 mea
453 1921 611 1971 quidem
637 1921 835 1960 sententia
859 1921 1022 1971 probari
1045 1923 1183 1972 potest
1207 1921 1340 1960 codice
1367 1933 1391 1959 a
1408 1920 1610 1971 Lagardio

51 1979 228 2020 adhibito
254 1993 332 2019 non
357 1983 441 2019 tam
465 1981 665 2030 integram
690 1981 783 2020 libri
808 1981 974 2019 alicuius
1001 1979 1145 2020 Graeci
1168 1980 1392 2020 versionem
1417 1981 1610 2020 contineri

52 2052 171 2090 quam
203 2040 475 2090 fragmenta
505 2040 644 2079 illius
675 2041 917 2080 versionis
950 2053 971 2079 e
1003 2040 1164 2080 codice
1195 2040 1464 2091 iniquitate
1494 2042 1611 2080 tem-

51 2099 181 2149 poris
219 2100 424 2150 pessime
467 2100 632 2139 habito
678 2100 734 2139 ab
777 2100 965 2139 homine
1009 2100 1258 2139 admodum
1295 2100 1492 2139 indocto
1536 2114 1611 2139 ex-

51 2161 227 2209 cerpta.
271 2159 418 2198 Ducem
446 2160 565 2198 etiam
590 2160 631 2198 in
655 2160 730 2199 hac
753 2162 868 2210 parte
894 2160 1176 2210 disputationis
1204 2158 1442 2198 Gemollium
1470 2161 1608 2209 habeo,

53 2219 118 2268 qui
156 2219 308 2268 primus
344 2219 392 2257 de
427 2219 620 2258 memoria
656 2219 848 2259 versionis
887 2219 1074 2270 Syriacae
1113 2219 1354 2258 iustissimos
1398 2220 1607 2269 scrupulos

51 2278 185 2318 movit.
196 2272 264 2332 ¹⁷4)
315 2277 564 2328 Quamquam
592 2292 655 2331 ea,
681 2291 783 2330 quae
809 2280 925 2318 homo
951 2279 1091 2318 doctus
1116 2279 1208 2318 inde
1234 2279 1413 2330 collegit,
1438 2280 1609 2330 probare
1665 2288 1667 2290 ’

50 2350 128 2377 11011
154 2350 325 2387 possum.
350 2359 399 2364 —
424 2337 500 2377 Sed
519 2351 604 2377 rem
622 2339 900 2389 gravissimam
920 2339 1039 2378 liceat
1058 2340 1306 2389 argumentis
1325 2339 1492 2389 prolatis
1518 2352 1609 2378 con-

51 2397 220 2436 firmare.
269 2397 448 2436 Primum
485 2398 639 2448 antiqui
669 2398 862 2437 librorum
892 2399 991 2437 fines
1020 2398 1063 2437 in
1093 2398 1175 2438 cod.
1202 2412 1301 2438 mus.
1326 2398 1426 2437 Brit.
1456 2400 1605 2439 14662

51 2457 277 2496 foedissime
307 2457 491 2496 videntur
522 2470 608 2496 esse
639 2458 770 2497 deleti.
819 2458 920 2497 Eam
952 2458 1075 2509 enim,
1105 2459 1139 2497 81
1172 2459 1260 2508 quis
1291 2459 1356 2498 vel
1382 2458 1609 2508 Geoponica

51 2515 214 2566 Syriaca
244 2517 307 2557 vel
340 2529 388 2556 ea
418 2517 573 2555 tantum
605 2518 837 2568 perlegerit,
875 2530 975 2567 quae
1011 2519 1053 2556 in
1083 2518 1218 2557 libello
1252 2518 1332 2568 „de
1362 2519 1608 2568 geoponicon

49 2576 229 2616 versione
267 2574 458 2628 Sy1·iaca“
496 2576 643 2626 scripto
661 2571 728 2630 ¹⁷⁵)
767 2577 815 2616 de
853 2577 1101 2628 singulorum
1139 2578 1316 2627 capitum
1359 2579 1607 2628 argumentis

50 2634 271 2685 Lagardius
295 2636 503 2687 indicavit,
535 2637 575 2674 et
601 2636 814 2675 contulerit
838 2649 926 2675 cum
952 2637 1064 2676 libris
1091 2637 1259 2689 Kostae,
1292 2636 1480 2676 concedet
1505 2639 1604 2677 anti-

49 2706 167 2746 quam
197 2695 323 2735 fuisse
355 2695 668 2746 Geoponicorum
701 2695 952 2746 Syriacorum
986 2697 1304 2748 dispositionem,
1340 2698 1386 2736 ut
1417 2700 1605 2747 ageretur

49 2753 149 2794 libro
180 2754 201 2793 I
232 2754 280 2794 de
310 2755 430 2794 rebus
462 2754 716 2807 caelestibus,
755 2768 922 2806 quarum
954 2756 1119 2795 scientia
1150 2756 1349 2805 agricolae
1380 2758 1604 2796 necessaria

49 2816 165 2866 esset,
187 2811 229 2853 H
253 2814 302 2853 de
326 2814 618 2854 frumentorum
637 2816 677 2853 et
694 2814 940 2865 leguminum
966 2816 1132 2863 cultura,
1159 2815 1220 2854 III
1246 2815 1293 2854 de
1314 2816 1452 2855 officiis
1478 2817 1597 2855 rusti-

49 2873 121 2923 cis,
157 2874 300 2924 quibus
331 2887 488 2925 quoque
519 2887 653 2912 mense
684 2874 1005 2914 satisfaciendum
1037 2879 1159 2925 esset,
1197 2875 1337 2914 deiude
1371 2875 1419 2914 de
1450 2875 1601 2915 vitibus

48 2933 274 2982 plantandis
304 2933 407 2973 libro
433 2934 482 2984 V,
518 2933 691 2972 colendis
716 2933 792 2984 VI,
829 2934 1015 2973 sanandis
1049 2937 1088 2972 et
1118 2934 1275 2973 tuendis
1302 2934 1396 2982 VII,
1429 2935 1477 2973 de
1509 2947 1603 2974 cura
