1820 3126
534 115 826 153 Lucubrationes
851 114 1135 163 Syro—Graecae.
1524 114 1608 156 441

59 231 243 283 quentius
278 229 320 268 in
351 229 581 269 universum
619 231 681 269 est
717 229 1032 279 corruptelarum
1062 241 1206 280 genus,
1243 228 1528 269 vocabulum
1564 227 1611 266 in

59 291 219 331 simile
244 290 529 330 vocabulum
554 289 801 328 transiret.

181 349 257 388 VII
277 350 301 388 6
328 349 407 388 lbb.
434 348 522 388 Grr.
549 345 692 397 ψόγον
729 347 755 386 S
781 341 1064 401 use'ssoucotffl),

175 409 231 448 IX
252 410 275 448 7
291 422 321 448 s.
348 408 428 447 lbb.
455 407 542 447 Grr.
569 406 816 457 ἐπεμελεῖτο
856 407 882 445 8
907 401 1198 461 ἑπονεῑτο482),

173 468 230 507 XI
251 469 305 508 10
329 467 410 507 lbb.
438 467 526 506 Grr.
552 463 807 507 ςπουδαίους
846 466 872 505 S
898 461 1177 520 τρόπους483),

178 527 271 567 XXI
291 529 316 567 8
342 527 424 566 lbb.
449 526 536 566 Gna
562 523 884 576 ἁμαρτάνοντας
921 526 948 566 8
975 520 1258 580 ἅπαντας484),

174 587 230 626 LI
252 590 272 626 1
301 587 383 626 lbb.
408 586 495 626 Grr.
522 583 826 636 παραδείγμαςι
865 586 891 626 8
918 579 1220 638 πράγμαςι.485)

3 693 4 696 ¹
175 647 354 697 Denique
384 647 562 697 peccavit
592 646 780 686 librarius
812 646 955 686 codicis
988 645 1015 684 S
1045 647 1109 684 ter
1146 645 1470 685 collocatione
1508 657 1613 683 ver-

0 709 2 711 ’
56 709 222 747 borum
245 719 500 757 perperam
525 706 780 745 immutata
803 706 873 757 ita,
897 708 944 744 ut
968 704 1164 745 teterrimi
1189 705 1324 744 hiatus
1351 705 1614 744 efficerentur.

2 803 4 807 ,
61 768 218 807 Scilicet
242 766 402 817 scripsit

175 826 231 865 IX
248 817 276 864 Ξ
304 823 436 865 καλὸν
462 824 529 865 καὶ
554 823 713 865 οἰκεῖον
737 839 809 876 pro
835 821 995 865 οἰκεῖον
1019 822 1088 864 καὶ
1112 821 1244 863 καλόν
1254 818 1337 876 ⁴²⁸⁶),

175 886 251 924 XII
273 887 297 925 5
325 882 704 935 ςυμβουλευμάτων
736 883 804 924 καὶ
834 881 1110 934 ἀκουςμάτων
1143 897 1215 934 pro
1248 880 1523 933 ἀκουςμάτων
1549 881 1617 923 καὶ

62 940 532 999 ςυμβουλευμάτων487),

0 1050 2 1052 ,
177 1005 270 1044 XXI
290 1007 313 1044 6
343 1004 627 1055 ςωφρονήςεις
652 1002 720 1043 καὶ
746 1000 1027 1055 εὐδοκιμήςεις
1052 1017 1123 1054 pro
1147 1000 1430 1053 εὐδοκιμήςεις
1449 1000 1516 1042 καὶ
1536 1013 1613 1042 ςω-

63 1059 377 1116 φρονήςεις.483)

0 1175 3 1177 ‚
179 1124 258 1164 Sed
276 1137 326 1163 ne
344 1124 811 1175 interpolationibus
832 1124 992 1175 quidem
1011 1124 1174 1163 carebat
1186 1123 1462 1174 apographum
1476 1122 1616 1174 Sergii.

0 1180 2 1182 ¹
59 1186 105 1224 In
141 1185 295 1223 duobus
332 1197 426 1223 sane
462 1184 559 1223 locis
593 1184 713 1223 etiam
745 1184 920 1223 dubitari
950 1186 1084 1235 potest
1118 1183 1391 1223 additamenta
1423 1195 1447 1221 a
1477 1182 1617 1232 Sergio

0 1239 7 1290 J
62 1257 248 1294 expressa
276 1245 415 1283 utrum
446 1257 490 1282 re
520 1257 616 1283 vera
653 1244 854 1283 contextui
891 1244 1104 1284 verborum
1135 1244 1288 1283 inserta
1316 1242 1532 1293 invenerit,
1570 1254 1620 1280 an

0 1319 2 1350 ζ
63 1317 184 1354 supra
207 1304 332 1344 verba
355 1304 529 1354 genuina
554 1304 619 1343 vel
637 1304 678 1342 in
697 1304 875 1354 margine
894 1304 987 1343 libri
1007 1303 1154 1354 scripta
1173 1304 1259 1353 ipse
1278 1303 1430 1352 primus
1451 1301 1620 1341 orationi

3 1370 11 1410 s
62 1363 234 1403 Graecae
259 1363 524 1402 admiscuerit.

0 1462 5 1469 ,
178 1422 251 1461 XV
271 1424 298 1461 4
328 1423 408 1462 lbb.
441 1422 528 1462 Grr.
561 1420 668 1472 πρὸς
705 1421 782 1472 τὴν
818 1419 981 1471 ὑγιείαν
1031 1421 1057 1461 S
1095 1419 1202 1471 πρὸς
1240 1420 1317 1471 τὴν
1353 1417 1519 1462 εὐεξίαν
1553 1418 1621 1460 καὶ

0 1494 3 1528 ζ
66 1479 245 1531 ὑγιείαν,
283 1483 388 1532 quod
421 1484 527 1522 recte
563 1483 712 1521 habere
742 1495 821 1522 non
850 1484 1002 1533 potest,
1039 1483 1133 1533 quia
1166 1484 1336 1533 utroque
1371 1481 1621 1521 substantivo

0 1570 3 1585 1
66 1545 223 1583 servato
249 1542 483 1581 durissimus
507 1542 641 1581 hiatus
668 1537 931 1596 efficitur489),

179 1601 316 1640 XVIII
335 1603 359 1640 8
391 1602 472 1642 lbb.
504 1601 594 1641 Grr.
625 1598 780 1669 ῥᾳδίως
817 1601 843 1640 8
869 1598 1026 1654 ῥᾳδίως
1057 1599 1124 1640 καὶ
1156 1598 1344 1650 εὐχερῶς
1377 1595 1622 1655 (εὐμαρῶς),

64 1662 132 1701 ubi
163 1663 334 1700 alterum
365 1661 597 1700 adverbium
629 1662 808 1711 spurium
840 1674 926 1701 esse
960 1662 1114 1712 eadem,
1147 1674 1226 1711 quo
1251 1661 1367 1700 modo
1400 1673 1495 1700 usus
1522 1673 1622 1711 sum,

0 1731 1 1734 ’
64 1723 216 1760 ratione
242 1722 547 1760 demonstratur.
591 1721 730 1772 Neque
756 1722 871 1771 enim,
895 1723 992 1760 utut
1013 1722 1114 1760 illud
1134 1721 1401 1772 collocaveris,
1426 1720 1623 1759 teterrimi

66 1781 199 1820 hiatus
225 1781 391 1820 durities
418 1780 560 1820 evitari
585 1775 804 1835 potest.⁴⁹⁰)

187 1839 338 1886 Quibus
363 1840 535 1891 oppositi
560 1843 653 1879 sunt
678 1844 850 1892 quatuor
874 1840 960 1889 loci,
990 1840 1031 1879 in
1055 1840 1198 1890 quibus
1223 1840 1444 1879 iudicandis
1470 1852 1626 1879 summa

0 1895 2 1934 ἶ
66 1913 154 1939 cum
186 1900 468 1950 probabilitate
499 1900 698 1940 affirmare
728 1901 822 1939 licet
847 1900 1032 1951 Sergium
1062 1900 1335 1939 additamenta
1364 1900 1444 1939 iam
1468 1899 1509 1938 in
1535 1912 1623 1938 con-

65 1961 177 1999 textu
204 1959 265 1998 sui
289 1959 432 1999 codicis
457 1959 690 2010 repperisse.

185 2018 302 2058 XXS
340 2018 806 2069 11)1).(1Π·.πληςμονὴ
844 2017 925 2068 γὰρ
964 2000 1168 2059 ἁπάντων
1223 2019 1250 2058 8
1288 2016 1506 2068 πληςμονὴ
1545 2015 1626 2067 γὰρ

68 2074 271 2118 ἁπάντων
309 2074 478 2128 ἄφρων,
516 2079 584 2118 ubi
619 2079 799 2130 quamvis
834 2079 1011 2118 dubitari
1043 2079 1190 2129 possit,
1225 2092 1320 2117 num
1353 2078 1627 2128 dittographia

0 2171 3 2189 ι,
69 2138 237 2189 quadam
270 2151 316 2177 ex
349 2134 552 2177 ἁπάντων
582 2141 721 2177 natum
753 2139 821 2186 sit,
858 2138 995 2177 malim
1028 2134 1182 2188 ἄφρων
1213 2139 1407 2178 versionis
1440 2138 1625 2189 Syriacae

69 2210 141 2248 pro
173 2197 442 2237 additamento
472 2198 702 2247 interpretis
734 2198 903 2238 alicuius
933 2198 998 2237 vel
1029 2198 1183 2237 librarii
1208 2199 1374 2248 habere,
1406 2198 1492 2249 qui,
1526 2210 1626 2247 quae

0 2252 5 2270 '‘
72 2259 178 2296 esset
201 2255 438 2306 πληςμονή,
464 2270 606 2307 parum
630 2258 884 2308 perspexerit,
912 2271 958 2297 eo
983 2258 1141 2308 quidem
1169 2258 1266 2296 satis
1291 2258 1439 2308 inepto.
1487 2257 1626 2307 Neque

0 2315 3 2362 J
71 2317 174 2356 enim
211 2315 428 2366 πληςμονή
466 2316 711 2356 abundantia
747 2318 942 2368 quaedam
977 2320 1054 2367 est,
1092 2330 1192 2368 quae
1223 2318 1351 2367 possit
1383 2317 1527 2356 stolida
1558 2319 1628 2355 aut

2 2419 3 2423 ,
70 2376 236 2416 molesta
249 2376 337 2426 dici,
358 2376 427 2415 sed
441 2376 604 2415 satietas
618 2376 911 2427 fastidiumque,
926 2377 1031 2428 quod
1045 2377 1292 2416 abundantia
1303 2371 1621 2427 procreatur.‘¹⁹¹)

189 2435 319 2474 XXIV
343 2438 363 2474 1
392 2435 473 2474 lbb.
499 2435 586 2474 Grr.
619 2434 778 2485 μηδένα
804 2434 933 2486 φίλον
958 2436 1085 2476 ποιοῦ
1135 2436 1161 2475 8
1187 2434 1347 2486 μηδένα
1372 2434 1536 2484 ταχέως
1562 2433 1627 2485 φί-

0 2490 7 2539 ,ῗ
73 2494 150 2534 λον
175 2494 319 2545 ποιοῦ,
346 2495 415 2534 ubi
439 2493 603 2543 ταχέως
629 2496 861 2535 adverbium
886 2509 1000 2535 nemo
1025 2509 1105 2536 non
1129 2496 1238 2535 videt
1259 2496 1628 2545 interpretationem

0 2565 2 2567 ·
74 2567 159 2593 esse
184 2554 414 2605 languidam
438 2555 649 2594 verborum
676 2556 924 2606 sequentium
950 2553 1050 2604 πρὶν
1075 2552 1128 2595 ἂν
1154 2552 1348 2607 ἐξετάςῃς
1368 2554 1460 2594 πῶς
1480 2553 1626 2604 κέχρη-

74 2614 250 2713 ταιῙτεῖῑς
269 2611 481 2724 πρξὲἷερον
502 2611 654 2663 φίλοις.
698 2614 849 2661 Quibus
869 2615 1015 2654 additis
1035 2615 1277 2666 superfluum
1300 2616 1388 2653 erat
1406 2617 1476 2653 aut
1494 2614 1627 2664 potius

70 2686 134 2713 mo
153 2686 173 2712 Θ
214 2687 292 2711 um.

190 2732 363 2772 XXVIII
384 2734 407 2772 6
433 2733 514 2772 lbb.
542 2732 628 2772 Grr.
662 2729 887 2782 χρημάτων
930 2733 956 2772 8
982 2729 1209 2783 χρημάτων
1241 2729 1414 2783 ἀδίκων,
1446 2733 1514 2772 ubi
1540 2729 1628 2771 ἀδί-

74 2802 160 2832 κων
197 2792 247 2830 ad
283 2792 512 2832 universum
551 2805 693 2831 nexum
731 2793 1017 2832 sententiarum
1056 2792 1217 2831 minime
1249 2793 1430 2842 quadrat.
1490 2793 1629 2842 Neque

0 2894 2 2898 μ
76 2851 178 2890 enim
202 2851 243 2890 id
267 2852 428 2891 volebat
452 2851 621 2902 scriptor
645 2852 833 2891 orationis
859 2852 1080 2904 significare
1099 2852 1268 2891 iniustas
1288 2852 1447 2903 quidem
1467 2852 1626 2892 divitias

0 2952 2 2954 ,
73 2922 151 2950 non
174 2910 251 2950 nisi
274 2910 389 2962 vivis,
412 2911 540 2950 iustas
565 2923 659 2951 vero
684 2911 804 2950 etiam
830 2913 996 2951 mortuis
1022 2911 1111 2951 usui
1137 2905 1317 2964 esse.‘⁹³)
