1820 3126
184 125 269 167 366
797 125 838 162 A.
859 125 1096 196 Baumstark=

300 237 359 275 De
383 236 540 286 patria
558 236 713 287 Sergii
737 237 957 276 accuratius
976 239 1081 276 certo
1100 237 1199 275 nihil
1223 250 1394 288 unquam
1413 238 1534 277 statui
1553 239 1708 287 poterit.

186 294 262 334 Sed
288 295 457 334 maxima
486 307 574 333 cum
598 295 876 345 probabilitate
906 295 1046 345 aliquis
1073 295 1283 334 contendat
1312 298 1448 335 natum
1473 308 1558 335 esse
1582 297 1709 335 virum

185 354 417 393 Resainae
448 354 488 391 in
520 353 663 403 oppido
688 352 824 404 Syriae
854 353 1055 392 orientalis
1078 366 1198 403 prope
1225 354 1350 393 fontes
1376 353 1575 394 Chaborae
1600 355 1709 393 fluvii

185 412 293 450 bidui
319 412 399 450 fere
424 412 561 450 itinere
587 411 635 450 ab
655 411 789 450 Haran
814 406 959 463 sito⁶⁹),
985 412 1052 450 ubi
1077 412 1263 451 maiorem
1282 412 1386 451 vitae
1411 415 1563 462 partem
1589 413 1708 464 degit.

185 469 326 520 Syrum
357 469 513 521 quidem
543 469 699 509 natione
731 469 910 520 Sergium
941 470 1061 509 fuisse
1095 473 1136 509 et
1166 470 1358 520 Syriace
1388 471 1514 510 libros·
1539 471 1709 510 Graecos

185 529 352 567 vertisse
383 530 531 567 certum
563 531 667 567 esset
702 531 742 567 et
772 528 1042 578 manifestum,
1080 528 1198 567 etiam
1231 528 1264 567 si
1295 529 1427 568 nullae
1461 532 1711 579 superessent

188 585 462 637 Sergianarum
486 586 709 625 litterarum
735 586 922 637 reliquiae
948 585 1138 636 Syriacae.
1182 586 1436 638 Quamquam,
1460 590 1508 626 ut
1532 587 1578 626 de
1604 599 1711 626 erro-

187 645 295 684 ribus
327 645 607 694 recentiorum,
638 647 705 694 qui
735 645 837 683 infra
862 645 1060 683 refutandi
1084 647 1194 694 sunt,
1226 647 1395 695 taceam,
1425 645 1712 684 Ibnabiozeibia

186 716 275 741 eum
300 704 419 742 etiam
443 703 643 742 Arabice
669 703 868 753 scripsisse
893 705 1017 752 putat.
1029 697 1080 755 ⁷⁰)
1121 702 1168 741 In
1193 715 1374 754 errorem,
1400 703 1466 754 qui
1490 704 1603 743 nobis
1628 704 1712 742 iure

185 761 366 801 videatur
389 761 649 811 foedissimus,
675 774 719 800 eo
739 761 892 800 facilius
912 761 1027 800 homo
1047 761 1183 800 doctus
1202 761 1331 800 Arabs
1355 761 1523 800 incidere
1546 764 1712 812 poterat,

188 820 290 870 quod
315 833 402 859 cum
427 819 475 858 de
500 822 629 858 aetate
651 819 778 870 Sergii
800 819 1050 858 Resarnensis
1075 820 1172 858 nihil
1196 832 1360 869 usquam
1386 820 1483 859 certi
1507 820 1712 868 inveniret,

188 895 327 932 parum
359 884 471 921 illum
503 883 688 922 discrevit
717 896 741 922 a
770 884 919 922 minore
951 883 1118 933 quodam
1150 883 1304 934 Sergio,
1340 896 1455 933 quem
1483 897 1645 941 0⁸⁵?st
1676 877 1715 920 La

188 954 409 1032 (Νω
430 954 545 1022 um)
575 965 750 1015 appellat
774 967 814 1003 et
844 977 995 1004 summa
1024 965 1122 1004 artis
1152 965 1325 1004 medicae
1357 965 1500 1015 peritia
1529 965 1715 1015 librisque

188 1041 368 1092 plurimis
392 1053 413 1079 e
439 1053 614 1079 sermone
641 1039 800 1090 Syriaco
825 1041 865 1079 in
895 1041 1107 1079 Arabicum
1138 1041 1339 1080 translatis
1369 1041 1553 1080 claruisse
1579 1040 1716 1080 scribit

188 1100 209 1138 I
233 1112 297 1150 pg.
319 1093 474 1152 204.⁷¹)
521 1099 631 1137 Idem
662 1099 754 1138 fecit
784 1099 1105 1149 Ibnennadimus‚
1141 1112 1227 1138 cum
1258 1100 1299 1138 in
1329 1100 1429 1139 libro
1454 1111 1524 1138 suo
1549 1098 1716 1138 celeber-

190 1159 287 1197 rimo
296 1153 347 1210 ⁷²)
383 1158 603 1196 versionem
640 1159 680 1196 et
716 1158 989 1206 supplementa
1025 1170 1212 1197 canonum
1250 1159 1486 1197 medicorum
1523 1158 1717 1196 tribueret

189 1217 249 1255 illi
272 1217 337 1255 Ma
361 1211 497 1266 Sirg'is.
555 1215 601 1253 Id
626 1215 730 1266 quod
754 1216 838 1254 iure
863 1216 1001 1254 fecisse
1028 1216 1135 1255 nullo
1161 1216 1274 1256 modo
1304 1218 1444 1266 potest.
1504 1216 1568 1255 Ma
1592 1213 1716 1266 Sirg'is

192 1275 295 1314 enim
331 1274 556 1313 auctoribus
594 1275 635 1312 et
669 1274 959 1312 Ibnabiozeibia
995 1276 1036 1313 et
1065 1274 1345 1314 Ibnennadimo
1377 1274 1558 1324 Syriacos
1595 1274 1717 1313 libros

191 1333 359 1372 Arabice
389 1332 551 1371 reddere
576 1333 736 1371 solebat.
787 1332 1067 1382 Supplementa
1096 1335 1229 1372 autem
1259 1345 1447 1372 canonum
1481 1333 1715 1371 medicorum

194 1391 363 1430 Ahronis
388 1390 660 1429 Barhebraeus
686 1389 873 1440 Syrorum
905 1390 1076 1429 omnium
1106 1391 1222 1430 facile
1246 1391 1511 1441 doctissimus,
1542 1391 1606 1429 cui
1629 1391 1717 1440 plus

193 1453 298 1489 certe
334 1449 425 1488 fidei
455 1449 675 1487 habendum
707 1451 767 1487 est
797 1449 837 1487 in
867 1449 1003 1496 rebus,
1041 1462 1140 1499 quae
1177 1450 1226 1488 ad
1256 1450 1460 1488 historiam
1494 1449 1718 1487 litterarum

194 1508 444 1559 Syriacarum
475 1509 669 1557 spectant,
700 1519 724 1545 a
748 1507 847 1557 Syro
873 1507 1054 1557 Syriacae
1078 1508 1248 1546 versioni
1273 1507 1381 1547 Gosii
1406 1503 1551 1560 (Gesii)
1585 1507 1720 1546 addita

195 1579 280 1606 esse
306 1565 510 1616 significat.
554 1565 716 1604 Accedit
740 1569 785 1604 ut
810 1578 854 1604 eo
880 1578 1034 1616 quoque
1059 1566 1271 1605 auctoritas
1290 1566 1560 1604 Ibnennadimi
1585 1566 1721 1604 infrin-

195 1627 323 1675 gatur,
348 1625 451 1675 quod
475 1624 590 1673 plane
613 1623 796 1674 ignorare
814 1624 970 1663 videtur
993 1636 1120 1674 neque
1138 1624 1188 1662 ab
1209 1624 1343 1664 eodem
1362 1636 1528 1663 canones
1547 1623 1720 1663 Ahronis

195 1684 407 1722 translatos
433 1694 534 1733 esse,
564 1682 633 1732 qui
661 1682 783 1721 libros
812 1682 1059 1732 trigesimum
1090 1695 1210 1721 unum
1242 1685 1282 1721 et
1311 1683 1478 1721 alterum
1509 1694 1629 1721 novos
1654 1682 1719 1720 ad-

195 1742 288 1780 iecit
311 1753 436 1791 neque
461 1741 511 1780 ab
535 1741 620 1791 ipso
645 1741 804 1779 Ahrone
831 1740 988 1790 Syriace
1020 1741 1184 1790 scriptos
1210 1753 1295 1780 esse
1326 1740 1396 1780 sed
1420 1740 1577 1780 Graece.
1626 1740 1721 1779 Ver-

197 1801 346 1840 sionem
370 1800 492 1850 igitur
516 1799 702 1838 librorum
721 1799 892 1838 Ahronis
917 1812 941 1838 a
965 1798 1101 1850 Sergio
1126 1801 1429 1838 retractatorum
1454 1801 1494 1837 et
1517 1801 1718 1838 auctorum

197 1858 406 1897 Arabicam
430 1870 517 1896 cum
535 1857 839 1896 Ibnennadimus
864 1857 1087 1907 invenisset,
1113 1870 1212 1907 quae
1231 1858 1313 1896 sine
1332 1857 1475 1896 Arabis
1494 1857 1719 1907 interpretis

200 1918 355 1956 nomine
373 1917 585 1963 ferebatur,
599 1915 781 1966 Sergium
799 1916 910 1954 illum
931 1915 1117 1955 maiorem
1136 1916 1293 1955 natione
1307 1915 1448 1966 Syrum
1467 1928 1555 1954 cum
1573 1916 1722 1955 minore
1796 1949 1799 1952 .

198 1976 264 2014 Ma
288 1971 412 2025 Sirg'is
439 1974 623 2022 confudit,
649 1977 695 2013 ut
718 1987 833 2024 quem
852 1974 1019 2013 Arabico
1045 1974 1245 2023 scripsisse
1267 1974 1393 2013 sciret.
1437 1972 1620 2013 Ceterum
1644 1974 1722 2012 iam

199 2033 416 2083 antiquitus
441 2034 610 2072 multum
643 2033 691 2071 de
715 2045 906 2072 canonum
930 2033 1168 2072 medicorum
1193 2032 1343 2083 origine
1373 2034 1413 2071 et
1443 2033 1723 2083 interpretibus

199 2093 423 2131 dubitatum
449 2104 532 2130 esse
557 2092 620 2130 vel
643 2091 733 2131 inde
758 2092 884 2140 patet,
909 2091 1012 2141 quod
1037 2091 1120 2130 sine
1145 2091 1410 2130 controversia
1432 2091 1474 2129 in
1496 2091 1620 2130 indice
1645 2103 1723 2129 me-

200 2151 373 2190 dicorum
399 2149 589 2200 Syrorum
620 2162 644 2188 a
673 2150 920 2189 Barhebraeo
945 2150 1111 2189 aliorum
1141 2150 1188 2188 de
1213 2149 1422 2188 canonibus
1446 2148 1616 2188 Ahronis
1640 2161 1724 2187 sen-

200 2210 348 2248 tentiae
372 2210 663 2259 oppugnantur.
710 2207 786 2247 Sed
813 2209 908 2247 haec
938 2210 1140 2258 tamquam
1172 2209 1212 2246 in
1242 2210 1467 2247 transcursu
1498 2208 1724 2246 monuerim.

200 2268 306 2307 Illud
335 2267 491 2317 quidem
522 2280 567 2305 ex
598 2267 794 2306 erroribus
820 2266 996 2305 Arabum
1027 2266 1208 2317 cognosci
1237 2268 1384 2316 potest,
1416 2266 1519 2317 quod
1549 2266 1727 2316 quamvis

201 2326 312 2377 parvi
337 2325 521 2364 momenti
548 2337 635 2364 esse
664 2325 861 2376 videatur,
891 2325 1060 2364 multum
1090 2325 1199 2364 valet
1228 2324 1277 2364 ad
1307 2324 1580 2375 gravissimam
1611 2336 1728 2374 quae·

203 2385 370 2424 stionem
405 2383 707 2435 profligandam,
748 2384 990 2433 temporibus
1025 2383 1296 2422 Ibnennadimi
1340 2386 1380 2422 et
1415 2382 1728 2422 Ibnabiozeibiae

203 2443 450 2483 circumlatos
480 2455 564 2481 esse
601 2443 683 2481 sine
720 2442 945 2492 interpretis
975 2442 1130 2481 nomine
1166 2441 1290 2480 libros
1322 2441 1450 2492 Sergii
1479 2441 1729 2480 Resainensis

204 2501 370 2540 Arabice
394 2513 539 2540 versos.

320 2571 411 2610 Non
434 2571 593 2610 maioris
619 2571 865 2610 auctoritatis
891 2573 953 2609 est
982 2570 1248 2610 testimonium
1273 2569 1583 2608 Ibnabiozeibiae
1613 2581 1729 2619 quam

205 2631 246 2669 in
269 2631 358 2678 hac,
390 2629 439 2668 de
463 2642 541 2679 qua
565 2629 678 2669 modo
703 2629 947 2679 disputatum
974 2630 1052 2680 est,
1080 2628 1306 2678 quaestione
1329 2627 1371 2666 in
1394 2627 1637 2666 aestimanda
1660 2639 1730 2678 ea,

207 2700 325 2739 quae
348 2689 395 2727 in
420 2687 585 2739 Sergio
610 2688 774 2736 fuerit,
799 2690 902 2726 arte
925 2686 1280 2736 interpretandi
1301 2685 1535 2736 praesertim
1559 2698 1647 2725 cum
1671 2697 1729 2724 se-

207 2759 294 2786 cum
318 2747 403 2797 ipse
427 2746 474 2785 de
499 2746 673 2786 hocloco
699 2746 866 2796 scriptor
889 2747 1050 2796 pugnet.
1091 2745 1175 2784 Iam
1201 2745 1303 2784 enim
1328 2744 1505 2783 doctrina
1528 2744 1730 2794 egregium

209 2805 387 2855 Sergium
411 2805 535 2844 fuisse
558 2805 774 2854 praedicat,
804 2805 882 2843 iam
905 2816 1046 2854 parum
1072 2803 1260 2843 sermonis
1283 2802 1456 2842 Graecae
1478 2802 1520 2840 in
1543 2801 1731 2841 vertendo

207 2864 378 2916 peritum
414 2863 624 2903 contendit.
672 2863 935 2902 Vehementer
970 2874 1106 2902 vereor
1148 2874 1196 2901 ne
1232 2860 1519 2901 Ibnabiozeibia
1561 2859 1732 2911 ipsarum
