1820 3126
218 132 303 175 370
839 136 881 172 A.
902 135 1133 172 Baumetark:

217 241 489 293 Ἡρωδιανοῦ,
515 257 630 295 quam
653 244 801 294 primus
821 246 1014 297 integram
1033 246 1156 285 edidit
1174 243 1477 299 Hilgardus.¹⁰¹)
1521 247 1596 286 Sed
1616 248 1745 286 ieiuna

219 304 444 354 regularum
480 303 819 352 grammaticarum
857 305 1147 343 enumeratione
1179 305 1226 343 de
1257 307 1387 344 aetate
1423 306 1498 344 viri
1533 307 1602 344 aut
1637 306 1742 345 vitae

219 361 442 400 condicione
467 362 583 410 plane
608 362 706 400 nihil
732 362 909 402 efficitur.
952 363 1075 414 Unus,
1101 363 1168 413 qui
1189 363 1369 413 Sergium
1394 364 1578 403 lectorem
1598 365 1742 403 diserte

218 420 364 468 laudat,
390 420 668 458 pachomius
694 420 943 460 Rhusanus
969 423 1030 460 est
1053 421 1264 460 monachus
1283 422 1376 460 XVI
1401 423 1482 461 fere
1508 417 1744 475 saeculi¹‘'²),

219 478 286 527 qui
310 478 544 527 praefationi
569 478 659 517 libri
684 479 746 517 sui
769 479 817 518 de
839 482 923 518 arte
943 480 1197 530 grammatica
1221 480 1260 518 in
1280 481 1363 519 cod.
1382 480 1480 519 Nan.
1501 480 1636 519 Graec.
1658 482 1740 519 305

219 537 363 575 servati
397 536 561 574 indicem
585 549 719 575 eorum
743 539 1084 587 grammaticorum
1115 539 1297 589 inseruit,
1328 551 1492 588 quorum
1518 539 1664 588 scripta
1695 539 1744 577 ad

219 594 412 633 Manuelis
438 595 680 644 Moschopuli
711 608 834 645 usque
858 599 1028 635 aetatem
1052 596 1259 646 Byzantini
1291 597 1602 646 frequentissime
1632 597 1744 635 adhi-

218 653 411 700 buissent,
446 647 641 706 hunc¹⁰³):
678 649 787 692 ἀλλὰ
817 652 933 702 μέχρι
959 653 1033 702 μὲν
1064 654 1191 702 κυροῦ
1218 653 1437 703 Μανουήλ,
1470 655 1545 694 τοῦ
1578 653 1742 703 Μοςχο-

219 708 383 749 πούλου
414 709 479 749 καὶ
510 709 607 759 ἡμῖν
645 709 748 750 κατὰ
778 711 853 760 τὴν
884 713 1101 761 θρηςκεῑαν
1132 709 1339 760 ὁμοδόξου
1363 711 1415 751 τὰ
1439 713 1524 751 τῶν
1550 713 1742 752 παλαιῶν

219 766 448 817 ἐπεκράτει,
475 765 567 808 οἷον
587 767 811 809 Διονυςίου
830 771 906 809 τοῦ
926 769 1087 819 Θρακὸς
1110 770 1247 819 τέχνη,
1275 768 1502 810 Θεοδοςίου
1521 782 1745 819 γραμματι-

219 827 295 866 κοῦ
315 824 618 876 Ἀλεξανδρέως
643 826 738 877 περὶ
762 826 931 867 κλίςεως
951 826 1171 878 ὀνομάτων
1190 827 1256 867 καὶ
1275 826 1482 878 ῥημάτων,
1508 827 1601 878 περὶ
1620 840 1744 868 πνευ-

219 882 373 934 μάτων,
393 883 639 934 (ωφρονίου
661 884 918 935 πατριάρχου
938 885 1033 936 περὶ
1051 884 1348 936 ὀρθογραφίας,
1376 884 1435 926 ἔτι
1454 883 1650 926 Ἰωάννου
1669 888 1745 926 τοῦ

221 940 409 992 Χάρακος
434 942 499 982 καὶ
524 942 728 993 Τιμοθέου
753 945 828 984 τοῦ
857 942 1044 994 Χάρακος
1069 942 1260 993 κανόνες,
1293 943 1539 994 (ωφρονίου
1564 946 1640 984 τοῦ
1666 957 1743 984 πα-

217 999 414 1050 τριάρχου
440 1000 534 1050 περὶ
559 1002 815 1051 προθέςεων,
847 1001 1018 1052 Εεργίου
1049 1004 1124 1043 τοῦ
1153 1000 1423 1051 ἀναγνώςτου
1448 1000 1655 1052 Ἐμεςινοῦ
1687 1001 1744 1043 εἰς

216 1058 268 1098 τὰ
298 1058 439 1099 Αἰλίου
468 1058 745 1112 Ἡρωδιανοῦ,
783 1060 1059 1111 Θεωδορήτου
1097 1060 1191 1110 περὶ
1222 1059 1472 1111 πνευμάτων
1513 1062 1598 1101 τῶν
1635 1059 1744 1101 ὄκτω

218 1116 431 1166 ςτοιχείων
462 1117 505 1158 ἐξ
534 1117 792 1167 Ἡρωδιανοῦ
824 1118 929 1168 πρὸς
958 1117 1201 1169 Πατρίκιον,
1231 1118 1490 1168 Ἡρωδιανοῦ
1522 1118 1617 1169 περὶ
1648 1118 1744 1169 χρό-

217 1187 323 1224 νων,
355 1175 450 1225 περὶ
480 1175 699 1226 ςχημάτων
730 1176 796 1217 καὶ
827 1175 985 1227 ἄλλων,
1015 1175 1210 1218 Ἰωάννου
1242 1179 1523 1227 γραμματικοῦ
1553 1175 1743 1219 Ἀλεξαν-

218 1234 350 1283 δρέως
375 1236 552 1274 τονικῶν
578 1234 940 1284 παραγγελμάτων
965 1235 1012 1276 ἐν
1037 1235 1226 1290 ἐπιτομῇ,
1260 1235 1425 1285 Μιχαὴλ
1456 1237 1532 1276 τοῦ
1558 1234 1744 1286 μονάχου

219 1291 286 1331 καὶ
311 1291 545 1340 (υγκὲλλου
570 1293 664 1342 περὶ
690 1291 919 1334 ςυντάξεως
943 1293 1009 1334 καὶ
1034 1293 1190 1343 ἑτέρων
1214 1307 1247 1334 κ.
1267 1306 1300 1334 τ.
1321 1295 1354 1334 λ.

333 1352 424 1390 Non
449 1353 688 1401 spernendae
714 1354 912 1392 doctrinae
937 1354 1222 1402 documentum,
1248 1355 1366 1404 quod,
1402 1355 1434 1393 si
1459 1367 1594 1393 verum
1619 1355 1744 1405 video,

217 1423 293 1448 non
326 1410 408 1460 ipse
439 1411 608 1460 undique
639 1412 836 1462 congessit
866 1412 1096 1450 Pachomius
1129 1413 1196 1450 sed
1229 1425 1254 1450 a
1284 1413 1462 1450 Manuele
1495 1414 1745 1463 Moschopulo

219 1468 421 1507 Michaelis
446 1469 543 1508 VHI
585 1472 626 1508 et
655 1470 869 1509 Andronici
899 1470 939 1508 II
981 1471 1302 1521 Palaeologorum
1345 1472 1499 1520 aequali
1513 1466 1583 1524 ¹⁰⁴)
1620 1475 1745 1510 trans-

221 1527 396 1576 scripsit,
428 1528 517 1577 plus
549 1529 667 1567 etiam
691 1528 731 1566 in
755 1541 909 1567 recessu
934 1529 1069 1577 habet,
1101 1541 1218 1578 quam
1246 1529 1371 1568 fronte
1396 1531 1613 1578 promittat.
1661 1530 1745 1576 Quo

223 1588 435 1635 antequam
467 1586 507 1624 in
539 1587 756 1625 definienda
781 1587 909 1637 Sergii
939 1588 1094 1626 lectoris
1125 1590 1255 1626 aetate
1285 1589 1458 1638 utamur,
1487 1601 1645 1627 necesse
1675 1592 1747 1639 est,

221 1645 319 1682 duos
345 1645 448 1683 locos
473 1646 592 1694 paulo
617 1645 807 1684 attentius
832 1646 1127 1695 perpendamus.
1172 1646 1230 1684 Ac
1253 1646 1422 1695 primum
1449 1648 1604 1697 quidem
1628 1648 1748 1686 verba

221 1702 311 1741 inde
338 1703 386 1741 ab
412 1699 472 1741 ἔτι
497 1716 622 1754 usque
652 1704 701 1741 ad
726 1701 901 1743 κανόνες
932 1707 1037 1743 recte
1067 1717 1143 1742 non
1168 1705 1327 1755 habere,
1358 1706 1421 1743 vel
1450 1706 1539 1744 inde
1569 1707 1746 1756 cognosci

217 1763 361 1810 potest,
386 1762 488 1810 quod
513 1773 715 1811 perperam
735 1762 812 1800 τοῦ
834 1759 1023 1810 Χάρακος
1047 1763 1224 1801 iteratur.
1259 1763 1396 1813 Neque
1416 1764 1519 1802 enim
1539 1764 1745 1803 Timotheo

217 1818 369 1858 Gazaeo
390 1819 552 1858 Characi
573 1833 786 1871 cognomen
805 1821 925 1859 fuisse
950 1822 1031 1859 ullo
1050 1821 1273 1860 testimonio
1293 1822 1543 1860 confirmatur
1569 1824 1640 1860 aut
1658 1835 1744 1872 pro-

217 1877 338 1916 babili
362 1879 584 1917 coniectura
607 1882 738 1929 potest
762 1879 863 1928 poni.
908 1878 1079 1917 Offendit
1104 1880 1233 1929 etiam,
1259 1881 1360 1929 quod
1380 1880 1536 1918 Ioannis
1556 1882 1596 1919 et
1615 1881 1744 1919 Timo-

217 1936 299 1974 thei
323 1937 469 1974 mentio
500 1938 603 1975 inter
633 1938 708 1976 duo
734 1937 941 1986 Sophronii
970 1938 1218 1986 patriarchae
1249 1937 1395 1987 scripta
1425 1939 1658 1988 interposita
1683 1942 1744 1978 est

217 1997 258 2032 et
281 2007 306 2032 a
330 1995 518 2045 singulari
542 1996 611 2034 illo
636 1992 696 2034 ἔτι
720 1996 866 2045 incipit.
915 1996 1109 2034 Nimirum
1133 1996 1254 2035 verba.
1283 1996 1324 2034 in
1350 1998 1525 2046 exemplo
1551 1997 1743 2037 Manuelis

217 2052 426 2091 Pachomio
451 2055 652 2103 proposito
679 2055 824 2103 scripta
848 2058 961 2093 erant
984 2057 1076 2104 post
1094 2050 1356 2103 πνευμάτων.
1398 2054 1506 2101 Quae
1531 2068 1617 2094 cum
1643 2057 1744 2095 forte

216 2110 256 2149 in
281 2112 595 2150 transscribendo
626 2113 836 2163 omisisset,
867 2113 934 2151 ubi
964 2115 1166 2163 peccatum
1197 2113 1398 2163 cognovit,
1430 2115 1563 2152 statim
1595 2114 1745 2153 addidit

218 2169 461 2220 Pachomius,
486 2183 574 2210 cum
592 2171 815 2220 praeposito
835 2168 894 2210 ἔτι
920 2184 1090 2210 errorem
1115 2184 1139 2210 a
1164 2183 1204 2210 se
1223 2172 1472 2210 commissum
1492 2173 1742 2222 significaret.

216 2228 366 2267 Deinde
398 2229 517 2267 etiam
548 2229 590 2267 in
620 2230 800 2279 genetivo
831 2229 1009 2269 τονικῶν
1040 2227 1403 2279 παραγγελμάτων
1440 2243 1508 2270 suo
1542 2232 1628 2281 quis
1657 2233 1743 2270 iure

217 2286 399 2326 haeserit.
436 2286 566 2326 Ceteri
584 2289 685 2326 enim
706 2289 893 2326 librorum
914 2289 1031 2339 tituli,
1056 2289 1094 2326 id
1121 2287 1223 2338 quod
1244 2291 1464 2329 structurae
1483 2290 1590 2340 leges
1609 2302 1740 2340 posce-

218 2345 324 2394 bant,
349 2346 389 2383 iu
407 2346 646 2385 nominativo
671 2350 741 2385 aut
759 2360 802 2385 re
820 2359 914 2386 vera
938 2348 1055 2396 positi
1075 2349 1167 2385 sunt
1191 2350 1261 2386 aut
1285 2348 1324 2387 vi
1348 2349 1452 2386 certe
1475 2350 1516 2386 et
1534 2349 1741 2387 sententia.

216 2403 312 2442 Rem
338 2404 505 2443 enodare
535 2404 612 2443 nisi
643 2405 700 2443 ita
723 2418 800 2443 non
824 2418 1001 2455 possum,
1032 2407 1078 2444 ut
1103 2407 1276 2444 statuam
1301 2407 1419 2445 etiam
1443 2406 1541 2445 illud
1565 2407 1742 2446 τονικῶν

217 2459 579 2510 παραγγελμάτων
604 2475 835 2512 suspensum
861 2476 946 2503 esse
971 2464 1020 2502 ab
1040 2461 1083 2503 ἐξ
1108 2464 1393 2513 praepositione
1417 2468 1507 2514 post·
1527 2463 1741 2513 ςτοιχείων

217 2521 357 2570 posita,
383 2522 604 2571 scriptaque
624 2522 858 2561 Theodoreti
877 2522 955 2560 tria
974 2522 1184 2573 significari
1209 2523 1356 2562 scilicet
1380 2520 1473 2571 περὶ
1492 2521 1741 2571 πνευμάτων

217 2578 304 2618 τῶν
329 2575 438 2618 ὄκτω
458 2577 672 2628 ςτοιχείων
696 2578 739 2620 ἐξ
756 2577 1017 2629 Ἡρωδιανοῦ
1036 2579 1141 2629 πρὸς
1159 2578 1396 2630 Πατρίκιον,
1421 2579 1463 2621 ἐξ
1481 2579 1742 2630 Ἡρωδιανοῦ

218 2635 313 2685 περὶ
338 2635 516 2686 χρόνων,
542 2637 636 2687 περὶ
661 2635 879 2687 ςχημάτων
902 2637 969 2677 καὶ
994 2635 1154 2688 ἄλλων,
1179 2638 1222 2679 ἐξ
1242 2635 1435 2679 Ἰωάννου
1460 2641 1742 2689 γραμματικοῦ

216 2691 523 2744 Ἀλεξανδρέως
554 2697 731 2736 τονικῶν
758 2694 1118 2746 παραγγελμάτων
1149 2696 1196 2737 ἐν
1223 2695 1407 2750 ἐπιτομῇ.
1461 2699 1595 2748 Neque
1619 2700 1742 2750 igitur

220 2755 375 2792 omnino
402 2755 614 2794 Herodiani
639 2758 708 2794 aut
730 2755 886 2795 Ioannis
909 2756 1117 2806 Philoponi
1141 2757 1235 2795 libri
1257 2757 1360 2795 inter
1384 2769 1449 2796 eos
1473 2761 1741 2805 numerantur,

218 2812 285 2861 qui
315 2812 355 2850 in
388 2813 531 2852 scholis
561 2814 864 2864 Byzantinorum
901 2827 1025 2866 usque
1056 2816 1105 2854 ad
1137 2815 1332 2854 saeculum
1361 2815 1528 2854 tertium·
1551 2817 1740 2855 decimum

218 2870 511 2920 lectitabantur,
538 2873 603 2910 sed
631 2873 758 2912 solum
779 2874 991 2913 summaria
1017 2887 1063 2912 ex
1082 2874 1137 2913 eis
1156 2886 1180 2912 a
1199 2873 1441 2913 Theodoreto
1461 2877 1652 2925 excerpta.
1696 2875 1741 2913 Id
