1820 3126
249 148 335 190 452
864 150 906 188 A.
926 151 1162 189 Baumstark:

369 261 563 312 Apparet,
606 265 834 311 quantum
871 262 1154 302 detrahatur
1190 264 1498 303 auctoritatis
1536 263 1776 314 Urbinati,

250 322 433 358 tantum
464 320 562 359 fere
594 320 701 358 addi
726 320 955 361 Vaticano
980 319 1031 371 Λ,
1068 322 1134 371 qui
1165 322 1289 360 sexies
1321 334 1408 361 cum
1434 320 1494 361 Sl·
1519 325 1654 361 contra
1677 320 1776 371 HL,

252 378 371 417 semel
402 390 490 416 cum
521 378 587 417 LS
618 381 752 418 contra
784 377 809 418 Γ
839 381 1047 430 conspirat.
1103 380 1269 418 Videtur
1295 381 1329 419 is
1359 393 1422 428 ea,
1453 393 1552 430 quae
1582 380 1777 431 Vulgatae

252 437 468 487 antiquitus
510 437 670 487 propria
711 439 838 488 erant,
881 438 1051 477 omnium
1096 438 1319 477 fidelissime
1355 439 1583 479 servavisse.
1642 439 1777 488 Neque

252 496 355 533 enim
385 496 467 535 veri
500 495 626 534 simile
657 497 736 544 est,
775 508 874 547 quae
911 497 1014 535 inter
1044 493 1110 536 ΛΓ
1142 498 1182 536 et
1211 497 1427 536 versionem
1458 497 1656 547 Syriacam
1693 508 1778 535 con-

252 554 427 603 veniunt,
451 554 492 592 in
510 551 543 592 Λ
564 556 634 592 aut
657 553 707 593 ab
732 555 1010 604 interpolatore
1035 555 1165 604 aliquo
1191 567 1211 594 e
1235 556 1422 594 memoria
1439 555 1641 594 Urbinatis
1666 555 1778 594 illata

254 614 323 650 aut
354 625 377 650 a
408 614 626 652 correctore
662 613 792 663 aliquo
824 613 990 652 feliciter
1018 613 1180 653 inventa
1209 626 1307 652 esse.
1364 613 1486 663 Atqui
1517 626 1610 653 vera
1642 614 1778 662 procul

250 670 367 709 dubio
394 673 503 721 sunt,
534 673 581 709 ut
612 684 710 721 quae
735 672 960 722 apographo
987 671 1172 723 Sergiano
1197 672 1483 711 confirmentur.
1532 672 1669 721 Itaque
1695 684 1777 711 sae-

249 729 336 778 pius
365 726 447 769 ΠΛ
470 730 654 770 videntur
686 743 709 769 a
732 743 825 770 vera
850 730 1046 779 scriptura
1069 731 1285 780 antiquitus
1312 730 1493 769 Urbinati
1518 733 1559 769 et
1582 730 1779 780 Vulgatae

250 787 444 827 communi
468 788 722 828 aberravisse.

367 846 423 885 At
445 859 499 886 ne
525 859 682 885 eorum
707 847 894 896 quidem
926 847 1058 886 nulla
1083 847 1266 885 omnino
1292 847 1362 886 vis
1388 849 1469 885 est.
1523 845 1650 885 Semel
1675 847 1777 885 enim

252 907 507 945 servaverunt
531 905 765 955 scripturam
790 906 1008 955 antiquitus
1033 905 1218 944 Urbinati
1243 907 1282 944 et
1304 905 1499 954 Vulgatae
1523 917 1779 956 communem,

250 976 338 1002 cum
364 961 398 1003 Λ
430 964 650 1014 aberraret,
682 965 802 1003 semel
835 967 969 1003 contra
998 964 1230 1002 Urbinatem
1262 965 1302 1002 et
1325 963 1575 1012 Vaticanum,
1606 963 1646 1001 id
1677 963 1779 1013 quod

250 1024 439 1062 concentu
463 1023 681 1073 apographi
707 1023 887 1072 Sergiani
911 1022 1096 1072 efficitur,
1123 1023 1323 1072 antiquam
1349 1021 1518 1060 Graecae
1543 1021 1777 1060 recensionis

250 1081 485 1131 scripturam
511 1081 584 1119 soli
608 1076 943 1132 retinuerunt.⁰¹⁴)

368 1139 541 1177 Summi
572 1140 774 1189 denique
805 1139 1027 1178 momenti
1058 1141 1123 1177 cst
1153 1133 1271 1191 E.⁶¹⁵)
1321 1138 1431 1183 Quod
1462 1138 1565 1176 enim
1595 1150 1672 1177 non
1703 1138 1778 1177 nisi

249 1211 330 1248 eae,
355 1210 454 1247 quae
481 1199 670 1237 concentu
695 1198 913 1248 apographi
939 1197 1118 1246 Sergiani
1142 1197 1454 1246 comprobantur,
1479 1197 1663 1235 lectiones
1681 1195 1777 1234 Vul-

248 1258 365 1306 gatae
393 1269 417 1295 a
441 1258 658 1295 correctore
683 1256 933 1294 Ambrosiani
957 1255 998 1293 in
1022 1255 1141 1305 libro,
1167 1255 1233 1304 qui
1258 1256 1306 1294 ab
1332 1255 1442 1293 initio
1467 1257 1574 1293 totus
1599 1255 1731 1293 stabat
1756 1267 1780 1293 a

249 1315 429 1365 partibus
456 1314 669 1363 Urbinatis,
695 1316 853 1353 notatae
879 1316 988 1361 sunt,
1019 1314 1059 1352 id
1083 1314 1158 1352 nisi
1181 1314 1238 1352 ita
1263 1313 1449 1362 explicari
1471 1325 1549 1352 non
1571 1315 1711 1362 potest,
1736 1315 1781 1352 ut

251 1376 472 1412 statuamus
498 1374 533 1412 ei
557 1375 717 1423 praesto
743 1372 864 1412 fuisse
883 1372 1080 1423 Vulgatae
1107 1372 1276 1411 codicem
1301 1373 1504 1421 antiquum
1530 1374 1570 1410 et
1593 1383 1617 1410 a
1641 1372 1779 1411 ceteris

250 1432 446 1482 Vulgatae
466 1432 646 1482 testibus,
668 1431 735 1482 qui
754 1433 923 1470 aetatem
942 1431 1134 1480 tulerunt,
1149 1430 1358 1481 diversum,
1381 1443 1470 1468 eum
1489 1429 1644 1480 quidem
1665 1443 1779 1479 quam

249 1491 646 1540 praestantissimum.
690 1489 906 1536 Quominus
933 1490 1035 1528 enim
1055 1501 1075 1527 e
1095 1486 1128 1528 Λ
1147 1483 1403 1528 correctorem
1428 1489 1605 1527 hausisse
1630 1490 1780 1527 statua-

248 1562 356 1598 mus,
395 1562 441 1588 ea
472 1549 622 1587 ratione
653 1549 923 1598 prohibemur,
961 1548 1063 1598 quod
1092 1560 1170 1586 non
1190 1559 1348 1595 omnes,
1381 1559 1480 1596 quae
1512 1546 1647 1597 Sergio
1678 1549 1780 1586 teste

250 1621 368 1657 verae
394 1610 434 1646 et
459 1608 643 1657 antiquae
669 1609 779 1656 sunt,
811 1607 894 1646 eius
919 1606 1060 1646 codicis
1086 1606 1271 1645 lectiones
1297 1606 1458 1645 addidit.
1505 1605 1643 1656 Neque
1675 1599 1779 1644 enim

249 1667 405 1705 omnino
431 1664 459 1705 Ε
493 1667 621 1716 docet,
652 1678 752 1716 quae
785 1666 1001 1716 scripturae
1027 1665 1224 1716 Vulgatae
1254 1665 1560 1714 comprobandae
1587 1665 1682 1712 sint,
1712 1664 1781 1702 sed

248 1727 416 1775 tantum,
438 1737 538 1775 quae
557 1724 744 1763 lectiones
765 1723 970 1763 Urbinatis
991 1723 1242 1773 spernendae.
1277 1723 1345 1761 Ad
1370 1723 1668 1761 refutandam
1687 1734 1780 1760 vero

247 1784 502 1822 Urbinatis
527 1783 800 1822 memoriam
832 1785 968 1822 tanta
1000 1782 1295 1822 auctoritate
1326 1782 1495 1832 pollet,
1527 1782 1701 1830 quanta
1725 1780 1780 1819 ad

247 1842 641 1892 comprobandam
675 1835 796 1893 A.⁶¹⁶)

366 1901 500 1939 Liceat
525 1900 711 1950 denique,
742 1911 843 1949 quae
867 1899 915 1938 de
941 1899 1117 1938 oratione
1142 1899 1378 1938 Demonicea
1400 1897 1567 1947 probata
1592 1899 1700 1947 sunt,
1730 1897 1778 1935 ad

247 1960 518 1998 universam
537 1958 770 1998 Isocratis
795 1958 1136 2006 recensionem,
1161 1959 1351 2007 quantum
1369 1955 1525 2006 quidem
1543 1956 1675 2006 aliqua
1693 1968 1779 1994 cum

246 2018 527 2068 probabilitate
552 2017 638 2056 fieri
662 2017 810 2067 potest,
837 2016 1058 2055 traducere:
1091 2016 1314 2054 Memoria
1338 2014 1585 2054 Urbinatis
1610 2017 1656 2052 et
1678 2015 1780 2054 vul-

245 2078 359 2128 gata
389 2077 551 2115 textus
575 2075 812 2115 Isocratei
842 2075 1064 2113 memoria.
1095 2074 1149 2112 ad
1175 2087 1314 2112 unum
1338 2074 1537 2112 redeunt
1562 2073 1779 2123 archety-

246 2149 364 2185 pum.
419 2135 475 2173 At
504 2147 558 2172 ne
589 2135 630 2172 is
662 2134 847 2184 quidem
878 2133 1058 2172 mendis
1094 2145 1290 2183 prorsus
1321 2132 1524 2171 carebat.
1573 2131 1710 2181 Itaque
1741 2132 1780 2169 in

246 2194 498 2233 restituendis
523 2193 710 2231 Isocratis
743 2192 872 2231 verbis
898 2204 975 2231 non
999 2192 1095 2231 satis
1119 2191 1339 2230 habendum
1364 2193 1426 2229 est
1448 2190 1554 2228 illius
1579 2189 1781 2239 archetypi

249 2253 484 2302 scripturam
527 2251 822 2301 recuperavisse
860 2251 928 2290 sed
963 2249 1199 2289 interdum
1236 2249 1536 2288 coniecturae
1572 2248 1781 2287 acumine

246 2310 628 2351 subveniendum.
677 2309 1082 2359 Discrepantibus
1113 2309 1240 2347 altera
1268 2321 1289 2347 e
1313 2309 1424 2358 parte
1450 2306 1674 2345 memoria
1698 2306 1782 2344 Ur-

245 2370 444 2419 binatis,
479 2369 604 2407 altera
635 2381 655 2406 e
686 2371 798 2417 parte
823 2367 1037 2407 omnibus
1062 2366 1298 2417 Vulgatae
1324 2365 1566 2405 codicibus
1590 2364 1781 2415 gravior

246 2427 498 2467 Urbinatis
523 2427 787 2466 auctoritas
812 2439 948 2476 quam
969 2425 1206 2476 Vulgatae
1224 2437 1312 2464 non
1332 2426 1415 2464 est.
1450 2423 1575 2462 Immo
1594 2422 1780 2473 spectatis

247 2487 530 2526 sententiarum
549 2498 649 2525 nexu
669 2487 709 2523 et
728 2485 922 2524 scribendi
941 2497 1015 2523 usu
1028 2484 1223 2524 Isocrateo
1243 2483 1344 2522 sola
1362 2481 1549 2522 ratione
1567 2482 1777 2520 iudican-

247 2546 349 2583 dum
381 2547 464 2584 est.
512 2544 606 2583 Eae
637 2545 820 2583 tantum
845 2543 1088 2594 Vulgatae
1115 2541 1347 2582 lectiones
1370 2541 1589 2591 protinus
1614 2552 1779 2579 memo-

245 2604 348 2642 riae
372 2603 623 2642 Urbinatis
654 2602 998 2653 praeferendae
1023 2603 1148 2652 sunt,
1179 2612 1297 2651 quae
1321 2601 1562 2639 corrector
1585 2598 1779 2637 Ambro-

250 2663 370 2701 siani
400 2662 433 2699 E
467 2661 667 2701 notavit.
727 2659 1130 2710 Discrepantibus
1166 2661 1297 2699 autem
1331 2658 1388 2697 ita
1424 2658 1550 2697 inter
1582 2669 1629 2697 se
1661 2656 1780 2706 ipsis

250 2720 485 2770 Vulgatae
523 2719 784 2771 codicibus,
821 2722 872 2758 ut
908 2718 1051 2758 alteri
1087 2731 1188 2757 cum
1217 2716 1448 2757 Urbinate
1479 2715 1781 2764 conveniant,

248 2779 392 2817 alteri
436 2778 727 2830 discrepent,
768 2777 871 2818 veri
907 2777 1063 2816 simile
1100 2779 1172 2816 est
1207 2776 1516 2826 archetypum
1550 2773 1782 2813 librorum

244 2837 481 2888 Vulgatae
507 2850 605 2876 cum
629 2837 852 2876 memoria
869 2835 1124 2875 Urbinatis
1149 2834 1444 2883 convenisse,
1469 2832 1712 2872 aberravisse
1730 2831 1779 2870 ab

245 2896 407 2947 antiqua
432 2896 626 2946 scriptura
649 2908 716 2936 eos
736 2894 933 2947 Vulgatae
959 2894 1118 2943 codices,
1144 2893 1210 2944 qui
1233 2905 1320 2933 cum
1339 2892 1529 2932 Urbinate
1547 2891 1781 2940 discrepant.
