1820 3126
211 164 296 205 500
823 165 865 202 A.
884 165 1120 203 Baumstark:

211 280 248 304 se
274 269 408 304 habere
433 268 607 304 affirmat:
640 269 754 313 „Dass
779 270 896 307 dieser
914 270 1116 318 Georgiker
1141 271 1268 308 Sotion
1291 271 1370 308 sein
1395 271 1529 307 Dasein
1552 273 1627 307 erst
1656 270 1739 307 dem

212 316 390 351 Sammler
415 315 479 351 der
504 314 712 361 Geoponica
735 317 950 354 verdankt.“

328 365 406 397 205.
433 362 534 398 Conf.
560 362 684 399 adnot.
713 366 790 399 138.

328 418 408 450 206.
434 414 536 451 Conf.
556 414 659 452 Varr.
680 416 725 452 de
743 427 782 452 re
802 419 888 453 rust.
909 419 924 453 I
947 422 962 453 1
984 422 1003 461 ξ
1026 421 1083 462 ¹03
1109 417 1247 455 Colum.
1268 418 1284 454 1
1304 422 1322 454 1
1343 422 1363 462 ξ
1384 422 1443 463 1ος
1468 417 1620 455 Photius
1640 416 1734 453 Bibl.

213 461 292 497 cod.
320 465 402 505 1633
433 461 474 497 G.
495 460 535 497 G.
560 461 611 497 Vl
631 465 694 507 1⁵3
718 464 751 499 x
769 467 831 507 29;
856 464 906 499 XI
925 468 956 509 3,
977 469 1031 500 ee.

331 518 411 550 207.
436 514 492 549 Ab
519 514 674 560 Apuleio
699 515 843 551 laudari
869 517 1013 552 videtur
1038 516 1080 552 G.
1100 517 1141 553 G.
1168 517 1251 553 XIII
1271 520 1303 561 8,
1324 520 1355 553 9.

332 570 411 602 208.
438 566 588 602 Scilicet
605 577 831 614 nequaquam
853 569 1025 604 confundi
1038 570 1174 605 debent
1185 569 1387 606 Aristarchi
1407 570 1566 604 sectator
1579 570 1616 604 et
1629 569 1741 604 libro·

215 625 294 649 rum
321 614 365 649 de
390 613 528 658 plantis
553 625 614 649 sex
639 614 795 660 scriptor
819 615 894 659 ille,
920 627 1028 660 quem
1053 615 1211 652 Galenus
1235 617 1273 652 in
1297 615 1400 651 libris
1426 615 1471 650 de
1497 615 1563 650 sim
1595 616 1616 650 1.
1643 615 1740 650 med.

212 663 325 706 temp.
346 661 385 714 et
402 660 471 697 fac.
497 661 692 714 impugnat
709 662 779 707 (ed.
801 662 907 697 Kiihn
927 662 999 698 vol.
1019 662 1070 697 XI
1114 692 1121 699 .
1139 666 1216 707 792,
1237 666 1314 707 793,
1336 666 1414 707 795,
1430 666 1514 706 ‘1963
1533 627 1600 697 XII
1619 673 1654 707 p.
1669 663 1738 706 31).

213 708 262 742 Ut
280 708 452 743 omittam
470 707 518 742 ab
536 718 616 753 ipso
635 707 790 752 Ga1eno,
814 709 851 743 ni
870 709 989 753 fallor,
1015 709 1071 744 ed.
1123 710 1197 744 iihn
1218 710 1288 745 vol.
1308 709 1358 744 XI
1376 720 1411 754 p.
1431 711 1498 743 795
1518 709 1610 744 bene
1629 709 1740 743 inter-

212 753 317 790 nosci
351 754 447 789 inter
470 753 746 790 celeberrimum
773 756 989 790 sectatorem
1014 755 1217 791 Aristarchi
1247 758 1285 792 et
1317 756 1530 800 scriptorem
1554 754 1741 790 botanico-

213 813 314 845 rum,
345 803 387 836 ut
411 800 512 836 cuius
536 801 676 837 nomini
700 801 857 837 addatur
881 803 902 836 ὁ
926 804 1007 846 περὶ
1030 806 1106 838 τῶν
1133 805 1299 846 βοτανῶν
1324 801 1476 846 ςυνθείς,
1507 800 1740 846 Pamphilum

213 858 313 892 eum,
348 859 455 892 quem
481 847 688 901 impugnat,
719 851 758 883 et
781 848 837 884 ed.
862 849 972 883 Kuhn
998 848 1048 883 XI
1072 861 1107 894 p.
1136 852 1203 884 796
1227 849 1429 895 vituperat,
1461 847 1559 892 quod
1584 847 1740 882 Hermae

219 894 453 940 Trismegisti
472 897 608 940 scripta
627 906 692 940 sup
721 894 866 930 ositicia
884 894 1104 939 adhibuerit,
1126 907 1219 941 quae
1239 897 1397 931 sectator
1412 893 1613 930 Aristarchi
1632 905 1740 939 quam

217 943 374 977 maxime
405 952 531 978 vereor
560 952 606 976 ne
637 942 700 976 nul
717 953 739 976 a
768 942 912 977 novisse
970 943 1119 986 otuerit,
1151 945 1189 978 et
1219 942 1276 978 ed.
1300 941 1407 977 Kiihn
1432 940 1481 976 XI
1505 952 1540 986 p.
1569 943 1634 976 796
1660 951 1742 976 cum

214 988 470 1034 Archigene
495 989 590 1023 inter
607 989 823 1024 novissimos
849 989 892 1024 de
912 1000 936 1033 p
954 988 1050 1024 antis
1070 988 1263 1034 scriptores
1284 989 1398 1024 habet
1416 987 1585 1023 Galenus.
1629 987 1743 1031 Atqui

217 1035 262 1071 de
281 1035 498 1081 Archigenis
523 1034 656 1070 medici
681 1037 802 1071 aetate
828 1037 929 1070 certo
955 1036 1100 1071 constat
1123 1036 1232 1081 (conf.
1253 1034 1355 1072 Suid.
1378 1047 1405 1070 s.
1427 1047 1459 1070 v.
1485 1035 1541 1069 ἐπὶ
1560 1035 1742 1077 Τραϊανοῦ

210 1082 471 1164 ἓῗτρῗὲἓὲἑειέζ
497 1083 638 1174 ’ξΐέἑὲὲ
656 1081 841 1174 Ααξῗέἐῦἷ
857 1080 1621 1174 {issssssieffllfiv‘lississifixilliugs5³31&
1642 1082 1743 1171 ἒόἔρ)

212 1175 314 1212 Conf.
346 1175 513 1220 Harless,
547 1174 727 1210 Analecta
759 1175 1114 1211 historico-medica
1144 1176 1189 1211 de
1220 1156 1424 1221 Archigene
1455 1153 1597 1209 medico
1628 1176 1667 1209 et
1698 1174 1743 1208 de

211 1221 420 1268 Apolloniis
445 1221 607 1257 medicis.
646 1221 792 1267 Lipsiae
819 1226 926 1265 18163
958 1222 1084 1257 Haser.
1109 1222 1134 1257 l.
1154 1221 1177 1257 l.
1202 1234 1237 1267 p.
1258 1225 1336 1257 339.
1364 1242 1403 1247 —
1436 1220 1601 1257 Exeunte
1630 1220 1745 1266 igitur

216 1270 360 1305 saeculo
384 1281 419 1314 p.
439 1268 503 1306 Ch.
524 1281 558 1305 n.
583 1268 702 1314 primo
721 1267 937 1314 Pamphilus
962 1279 1106 1314 quoque
1130 1268 1384 1304 botanicorum
1403 1267 1558 1313 scriptor
1581 1267 1743 1302 floruisse

214 1316 398 1362 putandus
423 1317 488 1352 est.
538 1315 643 1358 Quod
665 1325 842 1360 perquam
867 1315 978 1350 miror
1002 1326 1047 1351 ne
1072 1315 1269 1351 Christium
1303 1315 1450 1360 quidem
1475 1316 1524 1359 (p.
1547 1316 1628 1359 633)
1654 1314 1743 1349 satis

215 1362 456 1408 perspexisse.
496 1362 568 1398 Sed
592 1365 722 1408 peccat
746 1361 859 1397 etiam
884 1362 1074 1397 Nicola'ius
1099 1362 1180 1407 (1.1.
1208 1361 1240 1398 11
1258 1373 1295 1407 p.
1314 1365 1382 1397 874
1396 1362 1448 1406 s.),
1475 1360 1539 1405 qui
1562 1359 1744 1395 medicum

216 1409 309 1446 facit
332 1409 587 1445 botanicorum
619 1410 844 1454 scriptorem.
892 1407 1021 1453 Neque
1052 1408 1149 1444 enim
1179 1407 1277 1443 idem
1302 1419 1381 1444 esse
1404 1408 1526 1453 potest
1555 1406 1606 1451 is,
1662 1418 1744 1442 uem

217 1468 262 1492 ne
281 1456 417 1492 vidisse
437 1455 596 1501 quidem,
623 1456 668 1491 de
687 1456 817 1500 quibus
837 1454 1021 1499 scriberet,
1047 1456 1193 1501 plantas
1213 1454 1371 1491 Galenus
1390 1453 1531 1490 iudicat
1549 1453 1620 1497 (ed.
1670 1453 1744 1488 iihn

211 1503 262 1538 XI
285 1516 320 1549 p.
342 1504 434 1549 795),
461 1504 498 1538 et
521 1502 595 1546 ille,
622 1513 729 1546 quem
754 1501 794 1537 in
817 1501 922 1537 libris
948 1503 993 1538 de
1013 1513 1131 1548 comp.
1151 1503 1244 1538 med.
1267 1513 1337 1537 sec.
1357 1502 1425 1537 loc.
1445 1501 1516 1547 (ed.
1538 1500 1654 1535 Kfihn.
1677 1499 1744 1535 XII

211 1563 246 1596 p.
274 1554 360 1593 839;
385 1549 471 1585 XIII
497 1550 555 1595 68)
584 1550 706 1595 ipsum
736 1559 833 1585 nova
862 1548 1130 1584 medicamenta.
1153 1549 1335 1584 invenisse
1360 1547 1502 1591 scribit,
1533 1558 1653 1592 neque
1677 1545 1742 1581 ille

213 1598 361 1633 omnino
385 1595 549 1632 medicus
575 1597 655 1631 erat
686 1596 749 1631 sed
781 1595 1067 1641 pharmacopola
1098 1595 1168 1641 (ed.
1196 1595 1306 1631 Kfihn
1329 1594 1412 1630 XIII
1436 1607 1471 1640 p.
1498 1597 1541 1629 68
1574 1605 1745 1637 μιγματο-

215 1645 361 1688 πωλός).
400 1643 516 1679 Immo
529 1642 811 1688 grammaticum
831 1641 944 1678 etiam
959 1642 1175 1687 scriptorem
1188 1641 1439 1678 botanicorum
1459 1641 1571 1676 fuisse
1584 1641 1743 1676 Galenus

213 1691 383 1737 perhibet
408 1690 480 1735 (ed.
499 1690 609 1725 Kfihn
627 1690 678 1725 XI
702 1702 737 1735 p.
759 1692 843 1724 795:
868 1690 1114 1733 γραμματικὸς
1137 1690 1216 1735 ὤν).
1245 1709 1286 1714 -
1316 1687 1468 1723 Accedit
1488 1686 1622 1722 Suidae
1641 1687 1744 1722 testi·

212 1738 376 1773 monium
410 1738 541 1772 misere
571 1737 665 1772 illud
694 1736 841 1781 quidem
873 1735 1084 1781 perplexum
1110 1747 1136 1771 s.
1156 1747 1191 1772 v.
1215 1736 1409 1780 Πάμφιλος
1436 1733 1694 1779 Ἀμφιπολίτης
1717 1735 1740 1778 ἢ

213 1786 406 1820 (ικυώνιος
430 1787 452 1828 ἢ
480 1783 726 1828 Νικοπολίτης,
751 1784 950 1827 φιλόςοφος
974 1784 995 1818 ὁ
1020 1784 1220 1827 ἐπικληθεὶς
1243 1783 1555 1826 Φιλοπράγματος.
1598 1780 1745 1815 Εἰκόνας

214 1834 305 1876 (τῶν
331 1834 497 1875 βοτανῶν
522 1830 671 1876 supplet
694 1830 883 1865 verissime
902 1829 1120 1865 Lambecius
1139 1830 1187 1864 lb.
1209 1828 1243 1863 II
1260 1841 1295 1874 p.
1310 1832 1378 1864 535
1398 1838 1621 1874 quamquam
1640 1827 1744 1862 dubi-

212 1878 393 1914 tationem
424 1879 618 1913 moverunt
641 1875 907 1922 Wesselingius
939 1876 986 1911 ad
1009 1875 1115 1911 Diod.
1140 1875 1158 1911 1
1182 1879 1225 1912 81
1259 1877 1297 1911 et
1320 1874 1568 1910 Bernhardius
1598 1873 1645 1908 ad
1669 1874 1693 1908 l.
1718 1874 1742 1908 l.

214 1926 330 1970 Suid.)
356 1925 448 1959 κατὰ
467 1927 653 1968 ςτοιχεῖον,
678 1924 811 1967 τέχνην
829 1924 990 1967 κριτικήν
1009 1923 1274 1967 (γραμματικήν
1293 1921 1532 1967 Bernhardy),
1556 1922 1637 1964 περὶ
1660 1931 1746 1964 γρα-
1806 1927 1811 1932 ’

214 1975 322 2016 φικῆς
346 1973 405 2006 καὶ
429 1971 637 2015 ζωγράφων
663 1971 838 2006 ἐνδόξων;
863 1971 1044 2013 γεωργικὰ
1069 1969 1182 2012 βιβλία
1206 1967 1257 2012 γ’.
1299 1967 1512 2014 Complures
1537 1967 1634 2002 viros
1660 1977 1743 2002 con-

214 2019 318 2054 fundi
341 2029 364 2053 a
390 2018 502 2053 Suida
531 2017 592 2053 vel
621 2019 696 2053 tres
726 2017 832 2051 unius
864 2016 1007 2061 patriae
1037 2015 1222 2052 indicatae
1250 2015 1524 2051 demonstrant:
1562 2013 1746 2058 Amphi-

213 2064 408 2110 politam
432 2064 543 2099 fuisse
576 2065 721 2100 constat
744 2062 1021 2108 Pamphilum
1053 2063 1273 2107 pictorem
1297 2061 1439 2107 Apellis
1470 2062 1744 2106 praeceptorem

215 2111 330 2158 (Suid.
351 2123 378 2147 s.
393 2124 426 2147 v.
449 2112 632 2156 Ἀπέλληςς
660 2110 750 2145 Plin.
770 2110 815 2145 H.
829 2110 872 2145 N.
893 2109 1026 2144 XXXV
1046 2112 1066 2151 ξ
1087 2113 1129 2145 76
1155 2109 1256 2154 „ipse
1279 2107 1432 2143 Macedo
1457 2106 1658 2151 natione“).
1700 2107 1746 2142 Ei

217 2158 363 2194 videtur
387 2157 603 2193 tribuendus
629 2169 707 2193 esse
738 2156 783 2192 de
813 2158 892 2192 arte
921 2154 1096 2202 pingendi
1126 2157 1164 2191 et
1194 2154 1240 2190 de
1270 2154 1381 2190 claris
1405 2153 1607 2200 pictoribus
1640 2154 1743 2189 liber.

216 2204 356 2240 Deinde
388 2205 628 2240 secernendus
660 2205 717 2240 est
750 2203 1046 2249 philosophus
1070 2201 1236 2238 Platonis
1267 2202 1440 2245 sectator,
1472 2199 1567 2236 sive
1593 2199 1746 2245 Sicyo-

215 2251 315 2287 nius
345 2251 438 2287 sive
463 2250 729 2297 Nicopolita
757 2251 889 2295 patria.
939 2249 1044 2293 Quod
1077 2247 1175 2284 enim
1199 2248 1321 2284 Aristo
1351 2248 1390 2283 in
1418 2247 1482 2283 vit.
1507 2246 1607 2293 Epic.
1634 2247 1743 2291 (conf.

214 2298 320 2343 Diog.
341 2298 461 2333 Laert.
484 2297 514 2332 X
533 2301 569 2342 8)
594 2298 754 2340 auctore,
779 2298 821 2332 ut
845 2307 890 2331 ex
909 2296 1081 2332 Cicerone
1106 2296 1152 2332 de
1176 2297 1250 2332 nat.
1276 2295 1373 2331 deor.
1399 2293 1416 2329 1
1436 2298 1480 2330 26
1505 2292 1635 2338 elucet,
1660 2293 1742 2339 ipso

214 2344 375 2390 Epicuro
407 2343 571 2389 scripsit,
602 2342 822 2389 philosopho
847 2341 1036 2378 Platonico
1061 2341 1261 2387 Epicurum
1290 2343 1330 2377 in
1354 2340 1463 2377 Samo
1486 2340 1605 2376 insula
1635 2351 1741 2376 vaca-

215 2391 323 2436 visse,
347 2391 433 2427 inde
459 2391 504 2426 de
522 2391 644 2436 patria
662 2390 732 2425 viri
756 2390 848 2425 nihil
874 2389 1037 2435 apparet.
1079 2389 1209 2424 Restat
1232 2400 1325 2424 unus
1349 2387 1445 2434 apud
1466 2386 1616 2423 Suidam
1635 2387 1740 2423 Pam-

215 2439 337 2484 philus
362 2438 410 2474 ab
435 2438 669 2473 Aristarcheo
694 2437 858 2472 diversus
883 2436 971 2471 artis
997 2435 1108 2479 illius,
1133 2446 1228 2481 quae
1253 2432 1485 2481 grammatici
1510 2435 1608 2469 certe
1632 2445 1742 2479 argu-

215 2485 331 2521 menti
355 2486 450 2528 erat,
475 2484 744 2528 botanicorum,
769 2483 1023 2528 georgicorum
1048 2483 1185 2518 auctor.
1229 2480 1500 2518 Internoscendi
1523 2481 1637 2526 igitur
1661 2482 1747 2517 sunt

216 2532 299 2567 duo
323 2532 503 2567 nomine
527 2529 755 2576 Pamphili
779 2529 1084 2575 grammatici,
1110 2530 1228 2564 alter
1252 2527 1427 2566 Tiberii
1450 2528 1744 2572 imperatoris

216 2578 497 2624 temporibus
523 2577 669 2613 clarus
692 2575 1006 2612 Aristarcheus
1032 2575 1095 2611 ille
1120 2574 1398 2619 celeberrimus,
1422 2574 1538 2610 alter
1563 2574 1698 2610 botan
1712 2575 1742 2609 i-

217 2637 364 2660 corum
402 2625 612 2670 scriptor,
650 2623 724 2669 qui
760 2625 948 2659 exeunte
984 2622 1126 2668 primo
1162 2622 1347 2658 ineunte
1384 2620 1529 2657 altero
1560 2621 1743 2657 saeculo

217 2672 394 2714 floruit,
419 2669 637 2717 Archigenis
660 2669 811 2714 medici,
836 2669 984 2705 Traiani
1008 2668 1239 2722 imperatoris
1264 2667 1436 2713 aequalis.
1484 2666 1514 2702 Ε
1538 2667 1687 2712 quibus,
1713 2668 1744 2702 si

218 2718 351 2754 Suidae
376 2718 464 2754 fides
488 2718 658 2754 habenda
681 2718 752 2763 est,
783 2716 914 2752 minori
938 2727 1193 2762 georgicorum
1216 2715 1330 2751 libros
1354 2717 1428 2751 tres
1451 2713 1657 2750 tribuamus
1684 2724 1743 2749 ne-

219 2776 320 2801 cesse
346 2767 413 2800 est.

335 2821 413 2853 209.
439 2817 627 2853 Laudatur
651 2828 674 2852 a
698 2814 834 2852 Colum.
860 2814 928 2851 XII
952 2820 991 2859 4,
1015 2814 1146 2851 Athen.
1171 2815 1221 2850 IX
1247 2818 1315 2850 376
1329 2814 1370 2860 d,
1394 2813 1544 2850 Polluce
1571 2813 1619 2848 VI
1639 2817 1670 2849 4.
1698 2834 1741 2840 —

220 2863 321 2901 conf.
342 2864 440 2901 Suid.
460 2877 487 2900 s.
510 2876 543 2900 v.
581 2863 678 2900 Oder
694 2862 734 2898 in
747 2861 939 2907 Susemihl‚
958 2861 1176 2898 Geschichte
1195 2861 1261 2897 der
1274 2861 1532 2898 Griechischen
1545 2859 1745 2897 Litteratur

218 2912 258 2947 in
282 2911 347 2947 der
371 2910 707 2947 Alexandrinerzeit
729 2909 746 2945 1
771 2921 805 2955 p.
825 2912 892 2944 842
912 2921 939 2944 s.
959 2921 986 2945 s.
