1820 3126
0 675 6 714 *³¹*
0 501 10 664 wart—wa,
0 284 11 500 ν-νν---ψν--ψν-γ-ι,Ἰ
0 225 5 267 .,,ι-
0 181 7 209 -.,

582 143 876 181 Lucubrationes
901 141 1187 188 Syro-Graecae.
1576 135 1660 178 481

102 262 238 313 magni
268 259 491 301 aestimeris
522 259 572 298 ab
606 271 668 307 eo,
707 258 779 297 filii
812 256 897 295 eius
927 254 1002 294 tibi
1034 253 1269 303 significant.
1326 251 1367 290 Si
1399 251 1563 301 aspectu
1594 251 1662 288 tuo

102 321 290 361 delectati
314 322 442 371 erunt,
467 319 624 357 affirma
648 318 820 357 amicum
845 318 962 354 tuum
986 315 1027 352 te
1053 325 1188 352 amare
1214 315 1254 351 et
1279 314 1320 351 te
1346 312 1396 350 ab
1422 311 1509 361 ipso
1528 308 1664 360 magni

101 380 314 422 aestimari.
365 379 408 418 Si
433 391 567 418 eoram
590 380 631 417 te
657 377 804 416 hilares
827 388 908 415 non
934 374 1046 422 sunt,
1077 385 1127 412 ne
1151 373 1236 423 ipse
1263 371 1423 423 quidem
1448 369 1599 408 amicus
1624 370 1665 407 te

101 441 235 482 videre
261 439 421 491 gaudet.
471 438 559 487 Exi,
584 438 651 476 abi
677 437 838 476 domum
862 431 1012 474 tuam.“

221 501 287 540 60.
318 499 570 549 „Admodum
593 498 763 537 honorat
786 495 983 546 ingenuus
1005 493 1165 532 domum
1185 491 1325 530 matris
1346 503 1441 530 suae
1466 492 1508 529 et
1526 501 1665 528 servae

99 561 204 600 filius
231 560 392 599 domum
417 559 475 597 eri
501 554 586 597 sui“
612 551 688 611 (=
709 568 835 607 aeque
860 556 1056 606 ingenuus
1083 555 1202 602 atque
1229 546 1399 604 servus).

220 621 286 659 61.
318 618 386 670 „Si
408 618 556 658 videris
581 617 712 656 virum
736 615 931 664 nobilem,
961 612 1030 663 qui
1054 612 1202 651 honore
1229 611 1391 659 excidit,
1422 609 1548 649 nolito
1575 622 1666 647 eum

101 680 248 719 iniuria
271 678 430 718 afficere
456 677 525 717 sed
550 677 651 716 bene
677 672 752 728 (=
772 669 933 727 καλῶς)
960 686 1050 712 eum
1075 673 1226 710 honora
1252 673 1292 709 et
1311 671 1362 709 da
1382 670 1430 720 ei,
1457 668 1563 720 quod
1582 681 1667 706 ma-

100 753 175 779 nus
195 742 268 778 tua
288 739 382 777 dare
402 737 559 788 poterit.
602 736 732 775 Multa
752 737 814 774 est
832 735 937 773 enim
955 732 1124 782 iustitia,
1150 744 1270 782 quam
1290 742 1459 779 exerces,
1485 742 1575 768 cum
1596 729 1666 767 das

100 800 206 851 viro,
237 799 306 849 qui
330 797 480 837 divitiis
507 797 590 836 suis
617 798 658 836 et
681 796 831 835 honore
857 806 926 833 suo
954 793 1116 843 excidit3
1143 791 1176 830 si
1201 790 1297 841 quid
1322 790 1400 829 tibi
1425 789 1591 839 erit,·da
1616 791 1667 838 et,

101 859 136 899 si
164 872 242 898 non
267 858 345 897 erit
368 871 497 908 neque
521 857 635 896 dabis
661 850 737 910 (=
757 851 864 893 ὥετε
891 852 944 903 μὴ
971 866 1002 891 c.
1021 850 1121 903 inf.)‚
1146 853 1276 890 tracta
1302 863 1393 888 eum
1419 849 1668 888 sermonibus

101 919 216 959 bonis
236 921 277 957 et
296 918 450 957 lenibus
471 918 511 956 et
530 917 593 956 dic
606 916 660 955 ei:
690 914 810 967 „Noli
827 910 991 952 timere⁴⁴
1012 914 1068 951 et:
1094 911 1225 962 „Deus
1246 911 1347 949 bene
1367 911 1469 948 dete
1484 905 1668 948 sentiat.“

223 980 290 1017 62.
321 977 409 1029 „Ab
436 976 636 1015 adulterio
661 976 763 1014 bene
787 977 828 1014 te
854 969 1028 1013 cohibe.“

223 1036 334 1077 Conf.
358 1037 510 1087 Euphr.
535 1036 610 1087 frg.
633 1037 687 1074 12
720 1037 762 1074 et
792 1035 1011 1072 extremam
1037 1031 1205 1070 militem
1231 1030 1452 1081 gloriosum
1478 1029 1668 1068 fabulam.

224 1098 290 1137 63.
322 1094 436 1148 „[Et]
465 1108 587 1146 quare
612 1096 671 1134 vis
696 1106 848 1134 merces
871 1095 1011 1143 turpes
1031 1096 1072 1130 et
1090 1091 1311 1142 flagitiosas
1332 1103 1474 1138 emere,
1500 1102 1669 1139 quarum

102 1158 260 1197 initium
284 1157 364 1197 vile
390 1159 431 1195 et
457 1157 681 1207 obscenum,
705 1154 795 1193 finis
814 1154 997 1192 funestus
1018 1148 1102 1190 est“
1123 1146 1184 1205 (in
1202 1150 1287 1190 cod.
1307 1163 1378 1188 ms.
1401 1152 1463 1188 est
1481 1149 1667 1198 „initium

103 1217 318 1267 funestum,
330 1216 421 1256 finis
430 1216 523 1256 vilis
538 1218 579 1255 et
593 1216 788 1254 obscenus
802 1210 905 1262 est“,
919 1213 1023 1263 quod
1036 1224 1179 1262 parum
1190 1212 1252 1249 est
1265 1210 1487 1249 sententiae
1500 1204 1671 1261 aptum).

222 1278 289 1316 64.
320 1276 487 1327 „Erecto
519 1275 621 1315 collo
651 1274 826 1325 incedas,
861 1272 1060 1323 probitate
1091 1271 1219 1310 fretus
1254 1272 1295 1309 et
1326 1271 1460 1308 mente
1494 1271 1566 1308 tua
1597 1282 1668 1319 pu·

105 1337 215 1376 dicus
241 1333 331 1376 sis.“

226 1397 293 1436 65.
325 1396 548 1447 „Memento
574 1397 616 1434 et
644 1394 754 1434 vide:
781 1406 899 1444 quem
924 1393 975 1431 ad
999 1391 1160 1431 modum
1185 1392 1231 1429 tu
1257 1403 1336 1429 non
1361 1390 1558 1441 gauderes
1585 1402 1670 1427 mu-

105 1457 243 1496 lierem
273 1458 383 1494 tuam
408 1456 459 1494 ab
485 1456 563 1495 alio
587 1455 674 1494 viro
700 1453 936 1504 adulterari,
968 1452 1026 1491 ita
1051 1464 1100 1490 ne
1126 1453 1171 1489 tu
1195 1450 1355 1500 quidem
1381 1450 1556 1489 volueris
1584 1462 1669 1487 mu-

106 1517 244 1555 lierem
269 1516 364 1555 socii
390 1515 450 1554 tui
475 1511 738 1554 adulterare.“

226 1577 292 1616 66.
325 1575 392 1626 „Si
416 1575 590 1614 nolueris
615 1574 758 1625 perire,
782 1573 866 1612 noli
890 1568 1054 1610 furari.“

222 1635 411 1674 Fortasse
436 1634 557 1675 verba
582 1636 697 1674 erant
721 1633 906 1682 alicuius,
933 1632 1002 1682 qui
1027 1643 1163 1681 coquo,
1189 1643 1307 1681 quem
1332 1630 1447 1669 modo
1474 1629 1668 1669 conduxe-

106 1698 182 1743 rat,
207 1694 446 1734 minabatur.
496 1695 606 1733 Conf.
633 1694 763 1733 Plaut.
789 1693 974 1732 Pseudul.
1001 1705 1036 1731 v.
1059 1691 1142 1730 855
1165 1703 1194 1729 s.
1215 1702 1258 1740 3.,
1285 1691 1368 1729 885
1391 1703 1421 1728 s.
1443 1702 1472 1729 s.

226 1757 291 1795 67.
322 1753 546 1804 „Quidquid
571 1753 647 1793 tibi
672 1753 854 1793 odiosum
884 1755 956 1801 est,
981 1752 1022 1790 id
1049 1750 1154 1790 socio
1180 1753 1250 1789 tuo
1276 1750 1406 1788 facere
1432 1746 1551 1789 noli.“

226 1815 292 1854 68.
324 1815 442 1864 „Noli
468 1814 574 1853 altus
598 1813 790 1862 incedere,
815 1825 867 1851 ne
892 1812 996 1850 male
1021 1806 1206 1849 habeas.“

226 1875 292 1913 69.
324 1871 438 1924 „[Et]
465 1874 499 1913 si
523 1873 730 1923 impudens
755 1873 891 1922 fueris,
916 1884 996 1911 non
1020 1871 1122 1909 bene
1147 1867 1350 1909 habebis.“

226 1935 248 1972 7
253 1935 291 1973 Ο.
325 1933 606 1983 „Venatoriam
631 1935 760 1972 artem
785 1933 913 1971 discas
933 1934 974 1970 et
991 1944 1040 1970 ne
1060 1930 1192 1969 taedio
1214 1930 1322 1969 vitae
1341 1931 1383 1968 te
1403 1929 1508 1968 affici
1527 1942 1669 1980 passus

106 1994 160 2033 sis
184 1988 260 2046 (=
281 1989 386 2032 ὥετε
412 1991 466 2042 μὴ
492 2005 523 2032 c.
548 1988 650 2046 inf.)‚
683 1993 787 2043 quod
812 1992 846 2031 si
869 1991 957 2030 fieri
981 2003 1124 2041 passus
1157 1990 1252 2039 eris,
1279 2002 1326 2028 ea
1351 2002 1452 2040 quae
1478 2003 1556 2029 non
1581 2002 1668 2039 per-

107 2053 264 2102 dideris,
291 2053 527 2103 deplorabis,
555 2065 682 2103 neque
707 2052 919 2102 quiequam
943 2051 1100 2101 pulchri
1124 2046 1338 2089 invenies.“

223 2112 465 2152 Adolescens
496 2114 606 2151 totus
630 2111 833 2152 venationi
858 2111 1015 2150 deditus
1042 2110 1213 2149 amicum
1239 2122 1372 2159 amore
1398 2109 1555 2148 tristem
1582 2121 1669 2148 con-

108 2172 227 2212 solari
256 2172 415 2211 videtur
445 2175 486 2211 et
509 2185 683 2221 monere,
715 2174 762 2210 ut
786 2171 918 2210 missis
944 2183 1076 2209 amore
1104 2172 1144 2208 et
1169 2182 1360 2208 aerumna
1385 2182 1548 2209 suorum
1575 2182 1670 2219 gau-

107 2232 260 2271 diorum
290 2232 488 2282 particeps
513 2232 594 2270 fiat.
620 2253 678 2258 -
705 2229 936 2282 Κυνηγέται
961 2232 1057 2270 sunt
1081 2229 1374 2268 Anaxandridis
1400 2229 1555 2268 mediae
1583 2230 1667 2279 qui-

110 2292 198 2331 dem
223 2291 449 2331 comoediae
475 2291 689 2341 scriptoris.

230 2353 295 2390 71.
332 2351 505 2403 „Regem
540 2351 694 2390 nobiles
726 2351 811 2390 eius
842 2351 1040 2390 honorant
1071 2352 1112 2389 et
1143 2350 1237 2389 deos
1269 2349 1494 2388 sacerdotes
1529 2362 1664 2388 eorum

75 2409 82 2414 ’
112 2407 403 2451 contemnunt.“

230 2472 296 2510 72.
327 2470 411 2522 „Ne
435 2469 696 2510 inebriaveris
722 2471 977 2521 sacerdotem,
1003 2470 1073 2522 qui
1098 2471 1191 2508 deos
1219 2482 1310 2508 suos
1337 2468 1593 2508 contemnit.“

229 2530 434 2580 Scriptura
459 2529 621 2580 Syriaca
644 2530 797 2569 incerta
821 2531 893 2569 est.

232 2591 298 2629 73.
329 2620 349 2640 ,,
361 2586 451 2641 [Et]
490 2590 523 2628 si
557 2589 717 2628 domum
746 2591 860 2628 tuam
889 2589 1122 2629 invitaveris
1154 2589 1399 2628 sacerdotem
1430 2587 1669 2638 improbum,

113 2648 206 2688 dum
229 2650 487 2701 ingredietur,
512 2649 612 2688 bene
636 2648 712 2687 tibi
737 2649 859 2698 dicet,
885 2651 943 2700 et,
968 2650 1063 2688 dum
1089 2649 1210 2699 exiet,
1241 2647 1526 2698 murmurabit,
1553 2652 1610 2698 et,
1638 2651 1671 2688 si

111 2721 253 2758 panem
279 2711 370 2748 ante
396 2722 488 2748 eum
512 2708 705 2759 posueris,
730 2708 858 2747 altera
881 2722 1023 2748 manus
1044 2709 1127 2748 eius
1148 2709 1206 2747 ori
1225 2707 1515 2758 admovebitur,
1540 2709 1672 2748 altera

111 2780 252 2818 panem
278 2769 469 2819 surripiet
493 2771 534 2807 et
557 2770 680 2818 ponet
705 2768 747 2806 in
771 2780 867 2818 pera
892 2769 987 2816 eius,
1013 2771 1060 2807 ut
1084 2768 1243 2806 auferat
1267 2766 1404 2805 liberis
1430 2765 1549 2806 suis.“

231 2829 297 2867 74.
329 2828 482 2880 „Multo
501 2828 631 2878 magis
652 2840 741 2866 ama
760 2840 908 2877 canem,
933 2841 1053 2878 quam
1072 2827 1330 2866 sacerdotem.
1375 2825 1418 2865 si
1438 2827 1546 2866 canis
1566 2841 1668 2878 pane

114 2885 374 2927 abundaverit
403 2887 445 2926 in
476 2888 592 2927 domo
618 2888 706 2937 tua,
737 2899 827 2925 eum
851 2886 1066 2938 relinquet3
1099 2886 1134 2925 si
1160 2885 1339 2924 sacerdos
1365 2898 1468 2935 pane
1494 2887 1670 2926 abunda-

114 2945 228 2996 verit,
251 2946 389 2985 liberis
415 2946 498 2986 suis
522 2947 679 2986 auferet
705 2948 745 2985 et
770 2946 876 2986 ultro
901 2941 1202 2985 murmurabit.“

185 3017 290 3045 Jahrb.
309 3019 330 3045 f.
348 3019 438 3047 class.
455 3019 565 3046 Phi101.
603 3020 707 3052 suppr.
726 3019 780 3044 Βᾱ.
800 3019 887 3044 xxr.
1340 3013 1383 3045 31
