1820 3126
544 105 835 142 Lucubrationes
860 103 1149 150 Syro-Graecae.
1541 104 1627 146 383

74 221 163 260 dem
189 218 450 270 quaestiones,
476 230 577 269 quae
597 230 643 257 ea
662 219 794 257 aetate
813 217 1018 257 hominum
1037 218 1191 256 mentes
1217 217 1438 267 agitabant,
1463 217 1511 255 de
1532 217 1624 267 dog-

71 280 244 319 matibus
270 277 505 318 Christianis
537 280 746 328 captuosas
772 277 880 324 illas,
914 277 981 315 sed
1009 289 1100 315 mox
1126 277 1175 315 ab
1202 277 1258 316 eis
1284 289 1326 316 se
1352 277 1549 315 convertit
1573 278 1624 315 ad

73 338 375 390 diligentissima
398 337 623 377 litterarum
648 337 906 388 profanarum
931 336 1074 375 studia.
1114 337 1264 376 Eorum
1287 337 1394 375 viam
1418 336 1623 387 ingressus

72 399 243 438 sobriam
267 399 308 436 et
330 397 507 436 ieiunam
531 397 726 436 rationem
751 397 921 435 maxime
948 398 988 435 et
1012 396 1231 435 utilitatem
1255 396 1373 435 duces
1394 395 1619 435 adhibebat.

70 458 150 497 Eos
181 456 413 496 eruditionis
439 446 612 496 Graecae
643 457 750 496 locos
781 455 1041 507 popularibus
1066 456 1291 506 patefacere
1318 455 1524 505 studebat,
1556 455 1624 505 qui

70 519 141 556 aut
164 517 212 556 ad
237 529 366 556 mores
392 517 643 568 castigandos
669 518 740 554 aut
765 517 815 554 ad
835 529 950 554 usum
975 515 1082 554 vitae
1107 516 1342 554 conferrent.
1380 514 1538 566 Ingenii
1563 515 1624 554 sui

69 576 212 616 finibus
237 577 505 627 morigeratus
536 576 732 615 abstinuit
762 588 786 614 a
809 576 936 625 poesi,
968 588 992 613 a
1022 575 1274 625 philosophia
1305 574 1624 624 contemplativa,

69 648 94 674 a
117 648 248 674 rerum
277 638 479 687 gestarum
511 635 749 675 narratione.
799 634 981 682 Activas‚
1015 637 1061 673 ut
1093 634 1150 673 sic
1181 635 1364 684 dixerim,
1395 634 1623 684 disciplinas

68 695 261 746 plurimas
291 696 395 734 inter
424 696 637 746 populares
672 696 743 734 aut
773 695 927 746 primus
953 694 1129 733 condidit
1159 697 1229 733 aut
1256 694 1416 746 egregie
1441 694 1623 734 excoluit.

67 755 114 794 In
145 755 350 794 scribendo
384 756 531 804 clarus,
563 755 794 805 concinnus,
826 755 988 805 elegans
1020 766 1182 804 operam
1213 754 1340 804 dedit,
1374 756 1419 792 ut
1449 753 1621 804 patriam

66 814 244 866 linguam
282 828 400 865 quam
433 814 713 854 nitidissimam
746 816 947 853 exerceret
990 816 1032 853 et
1068 826 1187 864 quam
1218 813 1471 863 paucissimis
1504 813 1624 852 Grae-

68 874 201 914 cismis
231 874 481 913 infuscatam.
531 875 680 913 Verum
717 887 768 913 ne
802 874 994 914 sermonis
1032 874 1191 924 quidem
1229 874 1471 924 elegantiam
1510 873 1624 912 anxie

66 933 277 973 affectavit.
326 934 455 973 Unam
482 946 639 984 semper
664 934 795 973 animo
820 934 1067 984 propositam
1091 933 1233 973 habuit
1257 934 1405 983 legem,
1432 935 1477 971 ut
1501 934 1624 972 nullis

65 993 268 1044 religionis
302 994 498 1044 scrupulis
530 1006 758 1043 oppressus,
796 994 917 1032 nullis
955 993 1145 1033 orationis
1176 993 1346 1032 vinculis
1385 993 1623 1032 constrictus

66 1053 236 1092 Graecas
272 1053 500 1103 disciplinas
534 1053 714 1103 integras
753 1056 793 1092 et
829 1066 959 1092 meras
998 1053 1049 1091 ad
1078 1053 1396 1102 intellegentiam
1429 1051 1622 1102 Syrorum

64 1113 349 1152 accomodaret.
401 1112 514 1152 Circa
545 1114 892 1163 quantulacunque
931 1112 1130 1163 substitit,
1169 1113 1340 1151 tetendit
1374 1112 1425 1151 ad
1457 1125 1623 1151 summa.

65 1171 246 1212 Caruerit
270 1173 404 1212 divina
427 1173 508 1223 illa,
535 1186 663 1223 quam,
692 1173 890 1211 uberrime
916 1173 1045 1211 beatis
1072 1171 1314 1212 Graecorum
1338 1172 1509 1223 ingeniis
1535 1180 1624 1211 con·
1658 1211 1662 1216 ,

65 1244 227 1283 cessam,
251 1232 292 1270 in
312 1232 556 1282 principibus
581 1233 808 1271 litterarum
829 1232 1083 1283 Syriacarum
1109 1232 1191 1271 fere
1218 1232 1400 1271 omnibus
1427 1231 1624 1271 desidera-

63 1304 168 1344 mus,
201 1292 427 1331 inveniendi
452 1292 662 1344 facilitate,
694 1293 929 1331 concesserit
959 1292 1081 1331 etiam
1105 1292 1249 1331 Iacobo
1275 1292 1496 1342 Edesseno,
1527 1292 1624 1330 Bar-

62 1351 251 1402 hebraeo,
287 1351 390 1392 aliis.
438 1352 486 1390 In
519 1353 574 1390 eis
612 1353 718 1391 certe
754 1353 955 1391 ducendus
988 1353 1067 1402 est,
1105 1352 1172 1402 qui
1207 1352 1254 1390 de
1288 1352 1484 1391 servanda
1519 1352 1625 1391 inter

63 1411 278 1450 orientales
305 1411 527 1450 eruditione
553 1414 594 1450 et
619 1412 846 1450 litterarum
872 1412 1038 1450 scientia
1062 1412 1176 1451 unice
1202 1413 1444 1450 meruerunt.

181 1471 285 1509 Dum
303 1467 408 1510 inter
428 1471 539 1511 vivos
560 1473 657 1521 erat,
676 1484 765 1510 cum
784 1472 923 1521 primis
944 1484 1038 1510 suae
1059 1472 1203 1511 aetatis
1223 1471 1450 1511 hominibus
1465 1470 1623 1522 Severo,

63 1531 320 1582 Ephraemio,
353 1531 472 1570 Iosua
498 1531 665 1582 Stylita,
697 1531 906 1571 Theodoro
932 1531 1149 1582 Mervensi,
1175 1532 1377 1583 Agapeto,
1402 1531 1623 1570 Iustiniano

62 1593 199 1629 mutuo
218 1603 296 1629 usu
315 1592 386 1629 aut
404 1591 629 1629 litterarum
649 1591 881 1630 commercio
900 1591 1071 1643 iunctus,
1095 1593 1187 1642 post
1204 1593 1374 1630 mortem
1397 1605 1468 1641 per
1487 1592 1622 1630 decem

64 1650 222 1689 saecula
245 1650 403 1701 habuit,
436 1651 504 1701 qui
537 1651 659 1689 libros
684 1651 808 1700 ipsius
834 1651 1078 1700 lectitarent,
1109 1651 1458 1700 transscriberent,
1492 1664 1622 1690 excer-

62 1711 220 1761 perent,
245 1710 614 1761 interpretarentur,
639 1713 860 1760 verterent,
885 1713 1166 1760 retractarent,
1192 1711 1496 1750 admirarentur.
1545 1711 1622 1750 Ne-

64 1782 140 1819 que
166 1770 269 1807 enim
294 1772 422 1808 morte
447 1770 629 1808 doctrina
653 1770 729 1809 viri
755 1771 950 1809 exstincta
976 1774 1048 1810 est.
1097 1771 1286 1810 Fortasse
1311 1771 1391 1809 iam
1417 1772 1507 1810 vivo
1532 1771 1621 1821 ipso

65 1828 338 1869 Theodorus
365 1829 615 1879 episcopus
643 1830 927 1881 Mervensis,
958 1830 1037 1869 fide
1062 1831 1343 1879 Nestoi-ianus,
1375 1831 1439 1870 cui
1462 1834 1623 1880 praeter

61 1889 365 1928 commentarios
390 1889 538 1939 logicos
563 1889 755 1928 librorum
782 1890 831 1928 de
855 1891 1002 1929 mundo
1035 1892 1077 1929 et
1109 1891 1158 1929 de
1184 1891 1428 1940 simplicibus
1453 1891 1621 1929 medica-

60 1949 204 1987 mentis
230 1948 430 1988 versiones
456 1949 858 2000 dissertationemque
883 1950 931 1989 de
958 1950 1101 1989 effectu
1125 1951 1243 1989 lunae
1271 1950 1485 1998 dicaverat,
1513 1951 1621 1989 solu—

48 2007 188 2047 ‘tiones
226 2008 361 2047 decem
397 2008 675 2058 quaestionum
714 2008 997 2060 Sergianarum
1037 2004 1287 2064 scripsit.¹⁶⁹)
1348 2010 1426 2049 Per
1462 2010 1622 2049 saecula

62 2069 235 2118 sextum,
260 2068 488 2118 septimum,
521 2071 705 2108 octavum
729 2070 931 2108 versiones
957 2069 1165 2121 Isocratis,
1190 2070 1416 2120 Plutarchi,
1442 2070 1622 2117 Luciani,

62 2126 272 2166 Themistii
291 2128 385 2179 legi,
414 2129 655 2177 transscribi,
683 2129 849 2179 excerpi,
874 2130 1085 2168 retractari
1109 2143 1188 2169 non
1207 2130 1356 2169 desitas
1377 2142 1463 2169 esse
1482 2132 1623 2180 postea

61 2186 353 2226 demonstrabo.
413 2187 558 2226 Mirum
590 2201 683 2227 vero
725 2191 919 2238 quantum
955 2190 1221 2228 refloruerunt
1258 2190 1393 2228 studia
1430 2189 1623 2240 Sergiana

62 2248 200 2285 octavo
226 2248 267 2285 et
290 2259 393 2286 nono
418 2247 596 2286 saeculis.
635 2248 710 2286 Illa
730 2249 818 2286 erat
837 2250 960 2300 aetas,
986 2262 1074 2288 cum
1093 2249 1275 2288 Phocas
1298 2249 1454 2300 Sergii
1480 2250 1620 2288 filius

59 2305 286 2345 Edessenus
329 2307 551 2346 versionem
589 2307 772 2357 Dionysii
809 2308 1076 2359 Areopagitae
1118 2309 1286 2359 copiosis
1325 2309 1620 2348 commentariis

59 2365 300 2416 illustraret,
337 2379 426 2405 cum
458 2366 806 2418 MosesHalidi
843 2368 983 2407 filius
1015 2369 1217 2408 versiones
1250 2368 1390 2408 Galeni
1421 2382 1445 2407 a
1479 2369 1619 2419 Sergio

60 2425 188 2464 factas
225 2425 266 2464 in
302 2426 479 2477 linguam
512 2425 725 2465 Arabicam
762 2423 1097 2482 transferret¹⁷⁰),
1135 2429 1295 2467 easdem
1330 2429 1547 2479 castigatas
1580 2431 1621 2467 et

65 2485 293 2524 emendatas
337 2485 584 2524 Honainus
629 2487 757 2525 denuo
798 2488 951 2538 ederet,
994 2501 1083 2527 cum
1120 2489 1360 2527 Abraham
1398 2489 1618 2541 Essaltus

63 2562 229 2636 (μία-Η
269 2577 435 2656 (Qijj)
471 2585 513 2623 in
552 2585 710 2636 scriptis
749 2585 890 2626 Galeni
928 2589 968 2626 et
999 2588 1217 2627 Ptolemaei
1249 2588 1410 2639 Syriace
1447 2591 1488 2627 et
1517 2588 1619 2627 Ara-

60 2680 145 2719 bice
181 2682 382 2721 vertendis
416 2684 467 2722 ad
500 2685 721 2734 exemplum
754 2685 882 2737 Sergii
915 2700 956 2725 se
993 2682 1308 2740 applicaret¹⁷¹),
1347 2701 1436 2728 cum
1468 2688 1618 2741 Kosta

63 2739 217 2780 Lucae
242 2742 382 2780 filius
409 2755 429 2780 e
455 2743 586 2791 libris,
621 2756 719 2794 quos
746 2745 793 2784 de
818 2759 860 2784 re
886 2747 1036 2786 rustica
1061 2747 1223 2797 Sergius
1250 2747 1482 2800 scripserat,
1517 2751 1616 2787 tem-

60 2812 198 2849 porum
224 2801 475 2852 malignitate
499 2804 578 2841 iam
605 2805 703 2854 tum,
727 2804 804 2843 nisi
828 2805 958 2854 fallor,
983 2807 1153 2856 pessime
1178 2807 1327 2846 habitis
1353 2820 1496 2846 novum
1518 2810 1558 2846 et
1576 2808 1618 2845 id

62 2859 220 2908 quidem
245 2861 585 2911 elegantissimum
612 2875 709 2913 opus
734 2864 894 2915 faceret,
919 2861 1201 2917 Hagg‘ag'rum
1226 2866 1398 2906 fortasse
1422 2867 1617 2915 imitatus,

63 2918 129 2968 qui
155 2918 385 2970 Sergianam
411 2921 627 2961 Ptolemaei
659 2924 883 2963 versionem
908 2925 1078 2964 Arabice
1110 2921 1496 2979 retractaverat¹⁷²)‚
1528 2940 1616 2965 cum
