1820 3126
0 1312 7 1335 -v
7 1261 11 1266 „
8 1248 10 1253 .
0 883 9 1209 -uw--s—-qz-w-wmmw-wyw
0 837 9 876 fau:

591 119 883 156 Lucubrationes
909 120 1195 166 Syro-Graecae.
1524 94 1531 101 v
1584 120 1668 162 507

119 229 284 266 sionibus
309 229 512 274 diversum,
537 229 647 265 Isocr.
674 229 722 265 ad
745 229 850 265 Dem.
877 229 1054 274 quatuor,
1080 228 1167 265 Luc.
1194 229 1239 264 de
1265 230 1333 266 cal.
1359 229 1444 275 duo,
1471 229 1601 265 Them.
1627 229 1675 265 de

114 277 198 314 virt.
224 289 369 322 novem,
395 277 441 313 de
466 277 573 313 amic.
601 278 686 323 duo,
711 277 798 312 Plut
823 277 869 312 de
895 287 1013 312 exerc.
1040 278 1210 322 quatuor.

232 339 310 374 385.
337 337 434 378 lmol
458 337 555 374 Plut.
587 337 634 373 de
666 347 782 373 exero.
807 335 850 371 A.
873 335 909 372 S.
933 339 1018 381 175,
1051 337 1088 372 et
1113 337 1276 382 JLomol,
1308 337 1408 382 quod
1439 337 1510 372 nisi
1534 337 1573 373 in
1596 348 1675 373 ver-

113 391 216 428 sione
242 390 417 427 orationis
443 389 691 427 Demoniceae
721 390 758 425 in
785 389 956 426 omnibus
980 390 1212 426 versionibus
1237 391 1374 437 passim
1398 390 1595 427 invenitur.

232 453 310 486 386.
338 451 443 494 1120,
469 450 579 487 Arist.
607 450 654 487 de
678 450 804 486 mund.
830 448 874 485 A.
896 449 930 486 S.
954 453 1032 495 135,
1054 454 1092 494 9,
1118 449 1205 486 Luc.
1232 451 1277 487 de
1303 451 1371 487 cal.
1398 450 1425 486 Ι.
1447 450 1482 486 S.
1503 454 1558 496 11,
1580 454 1611 486 3.

231 514 312 546 387.
337 514 525 555 ummanu,
550 515 632 546 mar
656 509 833 554 ummani,
859 510 981 546 ekalu.

233 568 311 601 388.
338 563 446 600 Isocr.
473 564 521 600 ad
546 563 651 599 Dem.
680 565 719 601 A.
742 564 776 600 S.
799 565 883 609 171,
901 569 936 608 7,
966 563 1094 599 Τ118111.
1122 564 1167 600 (18
1193 564 1277 602 virt.
1304 565 1331 600 Ι.
1359 564 1395 600 S.
1416 567 1473 609 22,
1492 567 1549 609 11,
1576 563 1675 599 Plut.

112 612 158 648 de
192 622 309 648 exerc.
340 612 384 647 A.
413 612 447 648 S.
475 615 561 654 150,
581 616 645 655 25,
683 613 728 648 (18
762 613 881 649 cohib.
907 612 950 650 ir.
980 616 1065 656 189,
1086 616 1124 657 8,
1166 616 1250 657 192,
1269 616 1327 649 27.
1361 633 1407 639 --
1440 612 1542 648 Conf.
1574 611 1675 648 Pers.

111 670 250 738 ‘ob-33,
288 669 413 736 (Q,
453 669 673 731 Mkss-ffi.
726 679 846 723 Quam
875 679 1020 715 mature
1045 689 1180 714 nomen
1205 678 1244 713 in
1270 678 1433 725 linguas,
1470 689 1560 723 quas
1587 676 1676 713 dici-

111 757 193 782 mus
209 775 217 791 ,
243 745 439 782 Semiticas
463 744 664 790 irrepserit,
689 745 814 781 elucet
837 743 934 789 inde,
961 745 1060 790 quod
1085 744 1161 780 iam
1188 744 1335 780 obviam
1363 745 1420 780 est
1444 743 1539 789 Koh.
1560 746 1594 788 8,
1617 746 1676 788 11,

112 793 215 830 Esth.
239 798 270 838 1,
291 798 351 837 20,
380 794 459 829 Esr.
479 796 512 837 4,
535 797 598 838 17,
624 797 656 838 5,
678 797 715 837 7,
743 797 775 838 6,
797 796 857 835 11,
884 793 977 830 Dan.
996 797 1031 838 3,
1053 796 1113 838 16,
1139 796 1173 837 4,
1195 795 1250 828 14.

234 851 313 884 389.
341 847 442 883 Conf.
470 847 661 883 Noeldeke
687 847 710 882 l.
730 847 754 881 1.
781 859 815 893 p.
836 850 894 882 20.

234 900 314 932 390.
341 895 443 932 Conf.
469 894 661 930 Noeldeke
686 895 711 931 1.
731 895 755 931 1.
781 907 816 940 p.
841 898 919 930 147.

231 947 312 979 391.
338 943 448 979 Arist.
470 943 516 978 de
534 943 660 978 mund.
680 941 723 979 A.
745 942 779 978 S.
802 946 881 985 136,
904 946 963 986 17,
992 945 1070 987 138,
1093 946 1148 987 11,
1172 946 1225 987 19,
1245 945 1303 986 24,
1323 946 1385 986 28,
1413 945 1492 986 140,
1508 945 1570 985 24,
1598 944 1677 986 141,

115 994 178 1034 17,
212 994 290 1035 146,
310 994 349 1035 8,
384 995 462 1035 149,
482 995 520 1035 4,
555 993 632 1034 152,
654 994 716 1033 29,
750 993 827 1035 153,
848 994 912 1033 2ο,
945 991 1054 1026 Isocr.
1081 991 1128 1025 ad
1154 991 1259 1026 Dem.
1286 990 1329 1027 A.
1350 990 1384 1025 S.
1408 994 1486 1035 171,
1506 993 1569 1034 23,
1598 993 1677 1033 172,

114 1042 177 1083 21,
206 1042 283 1082 175,
305 1043 337 1083 3,
361 1043 399 1082 6,
426 1039 515 1074 Luc.
542 1038 588 1073 de
614 1038 683 1074 cal.
708 1039 735 1074 1.
757 1038 791 1074 S.
814 1042 846 1083 3,
868 1041 930 1081 25,
956 1042 989 1083 4,
1013 1041 1073 1082 10;
1100 1042 1132 1082 5,
1153 1043 1186 1081 3,
1206 1042 1245 1080 4,
1271 1037 1400 1074 Them.
1421 1037 1468 1072 de
1487 1036 1573 1073 virt.
1592 1037 1620 1073 I.
1642 1037 1676 1073 S.

113 1090 169 1132 25,
192 1089 246 1131 10,
269 1089 328 1130 15,
360 1089 417 1129 34,
439 1091 498 1129 16,
533 1090 589 1130 45,
611 1088 666 1130 14,
689 1089 748 1130 16,
781 1085 827 1121 de
852 1086 960 1121 amic.
980 1089 1038 1130 49,
1060 1090 1121 1129 19,
1147 1089 1205 1131 51,
1224 1090 1265 1129 4,
1293 1089 1348 1130 63,
1369 1089 1404 1128 8,
1436 1089 1492 1126 64,
1513 1089 1551 1128 3,
1578 1085 1678 1120 Plut.

113 1134 159 1170 de
185 1145 303 1171 exerc.
329 1133 372 1170 A.
393 1134 429 1170 S.
452 1138 529 1179 180,
550 1137 612 1177 27,
649 1137 726 1178 181,
747 1137 808 1177 27,
843 1137 1004 1179 183,17;
1040 1137 1119 1178 186,
1143 1137 1198 1178 11,
1220 1137 1282 1178 15,
1308 1133 1354 1169 de
1381 1133 1502 1170 cohib.
1527 1133 1570 1169 ir.
1599 1136 1677 1179 187,

114 1185 152 1226 6,
180 1185 259 1225 198,
279 1186 312 1218 4.

231 1239 311 1272 392.
339 1235 451 1271 Arist.
484 1235 530 1271 de
560 1235 686 1271 mund.
712 1236 756 1271 A.
782 1234 817 1271 S.
840 1239 924 1280 136,
946 1238 1008 1279 3ο,
1047 1239 1133 1281 137,
1155 1240 1216 1279 14,
1255 1238 1340 1280 138,
1359 1239 1398 1278 8,
1436 1238 1515 1281 145,
1537 1238 1593 1280 16,
1614 1239 1677 1278 27,

116 1287 201 1328 146,
221 1288 284 1329 21,
305 1286 367 1328 25,
388 1287 449 1326 28,
491 1287 568 1327 147,
591 1287 651 1327 15,
674 1287 728 1327 17,
749 1287 806 1327 20,
826 1287 889 1328 29,
927 1286 1007 1328 149,
1030 1287 1090 1326 16,
1131 1287 1209 1328 150,
1233 1286 1293 1327 10;
1332 1286 1411 1329 151,
1432 1287 1494 1326 20,
1535 1287 1615 1328 153,
1636 1287 1677 1327 4,

116 1335 195 1376 155,
216 1335 272 1374 10,
295 1335 355 1374 15,
383 1334 461 1376 156,
483 1335 515 1375 6,
536 1334 592 1376 23,
613 1335 674 1374 29,
703 1335 782 1375 157,
806 1333 864 1374 15,
894 1334 973 1375 158,
995 1334 1055 1374 16,
1081 1331 1191 1367 Isoor.
1218 1332 1265 1366 ad
1290 1331 1394 1367 Dem.
1420 1331 1463 1366 A.
1486 1331 1520 1368 S.
1543 1335 1622 1376 170,
1643 1336 1677 1376 3,

114 1384 177 1423 20;
214 1383 378 1424 173,11,
411 1382 573 1423 176,10,
608 1383 687 1423 178,
707 1383 745 1423 3,
772 1379 859 1415 Luc.
885 1379 931 1414 de
958 1379 1026 1415 cal.
1053 1379 1080 1415 Ι.
1101 1379 1137 1415 S.
1157 1382 1190 1424 3,
1213 1383 1274 1422 17;
1302 1382 1441 1423 13,17;
1473 1379 1603 1415 Them.
1630 1380 1677 1415 de

114 1427 198 1463 virt.
223 1428 251 1463 Ι.
273 1427 308 1463 S.
327 1430 385 1471 41,
405 1430 467 1471 23,
499 1430 557 1470 43,
577 1430 642 1470 24,
673 1427 719 1462 (18
744 1427 851 1463 amic.
872 1430 928 1471 53,
950 1430 987 1470 6,
1020 1430 1076 1470 55,
1099 1431 1158 1469 13,
1192 1430 1249 1471 56,
1270 1430 1331 1470 13,
1357 1426 1454 1463 Plut.
1482 1427 1528 1463 de
1555 1438 1675 1463 exerc.

116 1476 158 1511 A.
180 1475 214 1514 S.
236 1478 316 1519 180,
338 1479 393 1519 17,
412 1478 475 1519 20,
503 1477 582 1519 185,
603 1477 642 1518 8,
668 1475 713 1510 de
740 1474 860 1510 cohib.
887 1475 928 1511 ir.
958 1477 1037 1519 188,
1056 1478 1095 1518 4,
1124 1477 1203 1520 189,
1223 1478 1279 1510 22.

232 1533 313 1566 393.
339 1529 452 1564 Arist.
478 1529 523 1564 de
548 1528 674 1564 mund.
700 1528 744 1564 A.
767 1528 801 1565 S.
825 1533 903 1572 138,
924 1533 962 1572 3,
997 1532 1077 1573 145,
1096 1532 1129 1570 8,
1150 1533 1213 1571 22,
1249 1532 1328 1570 146,
1347 1534 1382 1574 2,
1401 1533 1434 1573 4,
1455 1533 1512 1575 21,
1533 1532 1590 1571 25,
1611 1532 1676 1573 28,

117 1580 195 1621 153,
216 1581 256 1618 4,
284 1579 363 1621 155,
383 1580 446 1620 20,
472 1577 560 1612 Luc.
587 1576 633 1611 (18
659 1576 729 1612 cal.
754 1575 781 1611 I.
803 1576 838 1613 S.
861 1580 892 1621 1,
915 1580 953 1621 7,
979 1581 1011 1620 9,
1034 1580 1094 1621 15,
1123 1580 1177 1621 14,
1199 1581 1232 1621 5,
1253 1581 1290 1620 7,
1316 1576 1494 1613 Themist.
1521 1577 1566 1612 de
1592 1578 1678 1613 virt.

114 1624 142 1659 Ι.
163 1626 197 1660 S.
221 1629 446 1670 19,21‚22;
482 1627 539 1668 20,
560 1627 623 1667 20;
655 1627 794 1667 37,21;
826 1627 945 1668 42,9;
983 1625 1028 1660 de
1060 1624 1168 1660 amic.
1189 1627 1246 1668 49,
1267 1629 1329 1668 20,
1362 1628 1419 1670 51,
1441 1628 1503 1669 13,
1536 1628 1674 1672 54,17;

115 1672 213 1709 Plut.
239 1673 284 1708 de
310 1673 431 1709 cohib.
456 1672 499 1707 ir.
525 1671 568 1706 A.
589 1671 624 1707 S.
646 1675 725 1716 188,
746 1675 778 1717 8,
798 1676 831 1717 4,
852 1676 917 1716 22,
944 1676 1024 1717 190,
1044 1677 1106 1719 20,
1134 1676 1212 1717 198,
1235 1676 1290 1710 25.

233 1730 312 1762 394.
338 1726 520 1772 Exempla
544 1725 676 1761 afferre
701 1726 853 1772 longum
879 1728 970 1763 erat.

235 1785 315 1817 395.
340 1780 522 1827 Exempla
552 1780 638 1816 sunt
664 1780 836 1816 vocabuli
862 1791 922 1836 ρ]
948 1780 1059 1816 Arist.
1086 1780 1131 1816 de
1156 1781 1282 1817 mund.
1306 1779 1350 1816 A.
1372 1780 1407 1816 S.
1429 1784 1509 1826 144,
1530 1785 1567 1826 3,
1597 1784 1677 1826 149,

116 1847 150 1886 3,
169 1845 207 1886 5,
241 1844 320 1886 153,
340 1845 402 1885 20,
432 1840 541 1876 Isocr.
568 1840 615 1876 ad
641 1839 744 1875 Dem.
771 1841 814 1877 A.
836 1840 870 1876 S.
893 1844 972 1882 169,
994 1844 1054 1885 193
1087 1841 1219 1876 Them.
1246 1840 1292 1876 de
1318 1840 1401 1877 virt.
1428 1840 1456 1875 I.
1478 1841 1514 1876 S.
1534 1844 1592 1885 36,
1612 1844 1678 1886 25,

115 1896 212 1932 Plut.
247 1896 294 1931 de
318 1906 433 1931 exerc.
461 1896 503 1931 A.
525 1895 559 1931 S.
582 1898 661 1941 183,
683 1899 744 1939 10;
778 1895 823 1931 de
850 1894 970 1930 cohib.
997 1894 1039 1931 ir.
1068 1897 1146 1939 195,
1169 1897 1230 1940 11,
1263 1893 1438 1931 vocabuli
1461 1905 1541 1955 οἱ,
1564 1893 1676 1931 Isocr.

115 1955 164 1990 ad
188 1955 291 1991 Dem.
314 1957 393 2000 167,
413 1958 477 1999 28,
511 1958 589 2000 168,
609 1959 668 1994 21,
704 1958 781 1999 174,
802 1959 834 1999 2,
858 1959 918 1998 16,
952 1958 1031 2000 175,
1052 1957 1090 1998 8,
1124 1957 1203 2000 176,
1223 1958 1263 1999 4,
1295 1955 1384 1990 Luc.
1418 1954 1463 1990 de
1496 1955 1564 1991 cal.
1591 1954 1618 1992 I.
1640 1955 1675 1990 S.

117 2006 171 2048 13,
193 2007 233 2046 2,
257 2002 384 2038 Tbem.
412 2002 458 2038 de
483 2002 567 2037 virt.
593 2002 619 2038 Ι.
642 2003 678 2038 S.
701 2006 755 2046 18,
776 2006 815 2047 1,
841 2007 898 2046 20,
920 2006 975 2038 13.

233 2054 312 2087 396.
339 2051 382 2086 A.
403 2050 437 2086 S.
459 2053 539 2095 168,
559 2053 621 2094 24,
649 2054 729 2094 172,
749 2055 812 2094 24,
841 2054 1002 2096 173,11,
1032 2053 1110 2096 175,
1131 2054 1187 2086 91.

233 2102 312 2134 397.
338 2097 425 2134 Luc.
452 2098 498 2134 de
525 2098 594 2134 cal.
620 2098 648 2134 I.
669 2098 704 2135 S.
725 2103 758 2145 5,
778 2103 811 2135 4.

234 2149 314 2182 398.
340 2158 375 2192 p.
396 2149 478 2182 423.

235 2197 315 2231 399.
340 2193 408 2230 1.1.
434 2207 469 2240 p.
491 2197 594 2230 1209.

234 2251 316 2284 400.
342 2247 444 2284 Conf.
464 2248 625 2294 exempli
642 2247 766 2295 gratia
783 2247 895 2285 Arist.
916 2248 962 2285 de
981 2248 1107 2285 mund.
1126 2247 1170 2284 A.
1185 2247 1220 2285 S.
1237 2251 1316 2294 141,
1334 2252 1376 2284 17
1395 2248 1541 2292 ..otenel
1559 2259 1597 2297 ρ
1617 2260 1676 2293 οο,

114 2301 218 2344 μω
234 2300 444 2391 12)ῗὸοηὶ
476 2354 636 2400 exempli
667 2353 790 2399 gratia
813 2353 925 2390 Arist.
955 2354 1001 2391 de
1028 2354 1152 2390 mund.
1179 2354 1222 2390 A.
1250 2354 1285 2390 S.
1308 2355 1386 2398 137,
1407 2357 1452 2389 27
1478 2364 1536 2396 005
1561 2353 1677 2400 1..le

116 2408 286 2460 Ιωομο
308 2425 351 2438 =
372 2411 472 2443 3929.
489 2410 534 2442 31
561 2407 617 2443 8(1.
637 2407 701 2443 Ac.
722 2419 798 2455 reg.
817 2407 964 2444 Boruss.
984 2407 1086 2444 θείαν
1106 2409 1254 2454 (φύειν),
1279 2409 1327 2452 ἥν
1346 2419 1428 2443 τινα
1447 2408 1676 2452 τεταγμένην

115 2455 381 2501 ἀποφαίνομεν.

237 2506 319 2539 402.
345 2502 448 2539 Conf.
474 2501 664 2538 Noeldeke
688 2502 758 2539 1.1.
783 2515 819 2549 p.
839 2506 909 2540 250
922 2516 949 2540 s.

235 2560 314 2593 403.
343 2555 506 2601 Scilicet,
532 2557 575 2608 ¹3¹⁵
598 2555 793 2602 potissima
815 2558 945 2604 paucis
972 2557 1217 2604 complectar,
1243 2557 1284 2593 in
1308 2568 1353 2592 ea
1377 2555 1545 2592 versione
1570 2556 1677 2593 nulla

118 2610 203 2646 sunt
234 2610 507 2656 coniugationis
537 2609 604 2645 Saf
611 2610 673 2651 381
703 2611 940 2648 nominumve
970 2611 1057 2647 inde
1090 2612 1303 2655 ductorum,
1336 2609 1529 2645 nominum
1558 2621 1625 2656 per
1656 2612 1676 2650 ll

119 2663 418 2708 compositorum,
445 2663 563 2699 status
590 2662 792 2698 constructi
817 2664 903 2700 ante
921 2665 1235 2711 praepositionem
1254 2663 1379 2710 positi,
1406 2663 1511 2700 verbi
1534 2663 1589 2703 M
1608 2676 1677 2710 pro

118 2716 252 2763 copula
290 2716 453 2752 adhibiti
486 2715 677 2770 exempla,
715 2717 844 2752 contra
873 2718 992 2755 multo
1025 2718 1135 2755 solito
1166 2717 1419 2762 frequentiora
1454 2717 1678 2753 nominativi

119 2764 284 2800 absoluti
320 2765 359 2801 et
394 2775 654 2810 pronominum
691 2764 826 2800 tertiae
856 2777 1034 2812 personae
1067 2765 1224 2811 copulae
1254 2765 1373 2800 instar
1404 2766 1676 2811 usurpatorum,

121 2811 317 2857 singularis
350 2812 510 2858 denique
541 2813 662 2848 status
688 2811 880 2849 absolutus
907 2815 964 2850 est
988 2814 1027 2850 in
1052 2812 1245 2850 sententiis
1270 2812 1456 2858 negativis
1481 2812 1555 2849 nisi
1580 2813 1678 2849 circa

120 2864 354 2902 substantiva
377 2865 458 2909 ml,
484 2877 561 2920 ρ),
588 2876 646 2901 02
683 2864 874 2903 admissus.

236 2922 317 2955 404.
342 2931 378 2965 p.
398 2922 478 2956 416.
636 2893 660 2927 *ζ
