1820 3126
548 104 840 142 Lucubrationes
867 103 1154 151 Syro-Graecae.
1540 103 1627 146 439

67 234 156 260 rum
187 218 378 259 memoria
407 218 612 269 abhorret,
648 218 689 257 in
720 218 952 268 apographo
986 216 1114 269 Sergii
1145 230 1169 256 a
1200 217 1431 268 neglegenti
1462 217 1626 256 librario

67 280 251 320 videatur
275 279 463 328 corrupta
482 290 580 317 esse.
624 278 727 316 Tum
751 277 793 316 id
818 277 1015 327 agendum
1036 279 1107 328 est,
1135 280 1180 316 ut
1199 277 1409 316 emendata
1429 277 1627 326 scriptura

69 338 215 391 Sergii,
249 350 349 389 quae
380 338 554 388 genuina
584 337 750 376 alterius
782 335 1021 376 recensionis
1052 336 1169 376 lectio
1201 336 1343 385 fuerit,
1378 337 1626 376 coniecturae

69 399 248 438 acumine
272 396 507 447 reperiatur.

183 457 346 496 Initium
377 456 659 507 disputationis
690 456 833 495 faciam
869 467 894 494 a
930 455 1189 506 congerendis
1226 455 1424 506 prioris,
1462 455 1510 494 de
1547 469 1624 506 quo

66 517 244 557 dicebam
268 516 478 567 generis,
504 516 748 566 exemplis.
793 515 852 555 Ae
870 515 1041 566 primum
1062 516 1221 565 quidem
1241 517 1335 554 sunt
1359 515 1519 565 quidam
1537 515 1624 563 loci,

67 577 137 616 ubi
167 576 441 627 apographum
473 575 670 615 Graecum
702 574 833 625 Sergii
863 575 922 614 ita
951 574 1111 614 videtur
1142 575 1296 614 laesum
1326 575 1468 627 fuisse,
1499 578 1545 614 ut
1575 588 1625 614 ne

2 651 10 690 ζ
68 637 152 686 ipse
178 635 337 687 quidem
355 635 564 686 interpres,
590 647 692 685 quae
714 636 834 674 antea
853 635 1000 685 scripta
1021 637 1144 683 erant,
1171 635 1302 673 omnia
1321 635 1455 686 legere
1474 637 1623 685 posset.

4 696 6 698 ’
68 696 156 735 Duo
180 696 257 735 loci
289 695 372 734 sine
398 694 667 735 controversia
696 695 754 734 ita
785 696 878 734 sunt
908 694 1149 745 explicandi,
1178 695 1220 733 in
1251 694 1396 744 quibus
1422 694 1625 734 vertendis

0 781 2 795 1
69 756 167 796 satis
199 755 348 794 certam
380 767 535 805 eorum,
574 766 675 804 quae
711 755 845 804 legere
883 754 960 793 sibi
996 754 1214 805 videretur,
1251 753 1438 793 fiduciam
1470 767 1512 794 se
1546 767 1624 793 non

0 812 9 861 ἶ
66 815 251 854 habuisse
275 815 360 864 ipse
387 814 548 864 Sergius
579 814 788 865 indicavit,
819 826 908 853 eum
938 826 1080 864 parum
1111 815 1295 853 accurate
1328 816 1368 853 et
1398 827 1470 864 per
1500 814 1623 853 miras

0 884 5 894 ³
67 875 254 924 ambages
281 874 470 913 orationis
495 874 846 924 interpretaretur:

2 959 3 962 η
182 933 276 972 XXI
296 935 319 972 7
336 945 366 972 s.
386 946 416 972 s.
441 946 514 983 pro
539 933 670 973 verbis
696 933 787 972 inde
813 933 862 972 ab
882 933 932 986 τῇ
953 928 1058 985 ὀργῇ
1084 944 1209 982 usque
1230 933 1280 971 ad
1300 929 1623 983 ὑπομιμνήεκειε

0 999 4 1046 ξ
68 993 230 1044 Sergius
256 993 417 1032 exhibet
441 989 743 1042 παραπληείω(
769 989 868 1045 ἔχῃ(
893 989 1000 1042 πρὸ(
1019 989 1213 1031 ἅπαντα(
1238 990 1306 1032 καὶ
1325 989 1499 1042 αἰεχρόν
1518 989 1623 1032 ὑπο-

65 1050 196 1105 λάβῃ(
220 1052 307 1092 τῶν
333 1050 409 1101 μὲν
435 1049 611 1092 οἰκετῶν
637 1048 793 1102 ἄρχειν,
818 1052 910 1092 ταῖς
937 1048 980 1090 δ’
999 1049 1175 1101 ἡδοναῖς
1196 1049 1417 1092 δουλεύειν
1438 1053 1624 1092 extremis

64 1113 195 1152 verbis
220 1112 420 1151 liberrime
446 1106 735 1165 expressis.⁴⁵⁴)

0 1167 6 1180 ⁸
184 1171 293 1210 XXX
313 1173 339 1210 4
354 1184 384 1210 s.
409 1185 480 1221 pro
501 1170 663 1211 Graecis
683 1168 984 1220 χαριζομένου(
1005 1173 1046 1210 et
1063 1166 1440 1220 ἀπεχθανομένου(
1460 1171 1623 1223 Sergius

0 1225 8 1264 ἲ
67 1231 261 1282 expressit
280 1228 654 1280 (υμβουλεύονταε.
698 1230 954 1281 Scripturam,
973 1243 1074 1281 quae
1094 1243 1184 1269 eum
1203 1232 1400 1270 sententia
1420 1232 1623 1282 scriptoris

0 1289 7 1325 ἔ
67 1291 413 1330 vehementissime
437 1293 605 1341 pugnat,
629 1303 803 1341 unquam
829 1291 871 1328 in
890 1291 972 1329 ullo
993 1290 1126 1330 codiee
1153 1291 1352 1330 exstitisse
1377 1291 1486 1330 nullo
1506 1293 1623 1341 paeto

0 1378 6 1393 .
65 1350 163 1389 mihi
195 1351 472 1400 persuaserim.
532 1351 658 1389 Immo
690 1363 779 1388 eum
809 1352 995 1389 neutrum
1026 1350 1279 1400 participium
1312 1350 1509 1390 Graecum
1540 1354 1623 1390 tam

0 1439 3 1442 >
65 1410 181 1459 clare,
206 1412 252 1448 ut
271 1410 352 1460 legi
370 1412 517 1461 posset,
543 1411 734 1460 seriptum
751 1410 949 1449 inveniret
966 1410 1174 1461 interpres,
1194 1410 1293 1448 illud
1314 1408 1622 1460 (υμβουλεύον-

0 1477 3 1528 ζ
63 1480 138 1509 τας
164 1483 185 1508 e
211 1482 284 1508 sua
308 1470 534 1509 coniectura
560 1464 852 1521 supplevit.⁴⁵⁵)

0 1568 9 1582 Ι,
182 1528 330 1579 Aliqua
355 1541 442 1568 cum
468 1529 751 1579 probabilitate
777 1529 874 1568 duos
899 1529 1006 1568 locos
1033 1529 1178 1568 addere
1203 1532 1401 1579 poteram,
1427 1530 1496 1568 ubi
1521 1542 1623 1569 com-

0 1585 6 1637 Ῐ
62 1588 193 1639 pluria
217 1590 355 1637 verba,
392 1589 535 1640 quibus
567 1589 691 1628 careri
714 1589 825 1627 nullo
851 1591 967 1638 paeto
998 1591 1147 1639 potest,
1180 1588 1223 1627 in
1247 1588 1429 1628 versione
1457 1588 1622 1640 Syriaca

0 1639 3 1652 ¹
63 1649 347 1698 praetermissa
371 1650 476 1700 sunt,
501 1648 652 1687 seilicet

181 1707 350 1747 XXXVI
371 1710 394 1748 6
421 1708 544 1747 verba
567 1704 843 1757 ἰεχυρότατον
869 1705 1032 1756 μέντοι,
1063 1720 1164 1757 quae
1191 1708 1225 1747 si
1250 1708 1489 1747 sententiam
1515 1721 1621 1758 spee-

64 1770 196 1806 tamus
215 1767 333 1818 plane
351 1768 574 1807 necessaria
591 1768 789 1816 videntur,
811 1780 899 1806 eum
919 1767 1078 1818 legibus
1098 1780 1122 1806 a
1140 1767 1303 1818 regibus
1322 1767 1416 1807 latis
1436 1781 1623 1819 suprema.

64 1826 258 1876 quaedam
282 1827 346 1865 lex
371 1830 593 1878 opponatur
617 1827 659 1866 in
683 1827 769 1877 ipso
794 1826 900 1877 regis
926 1826 1093 1866 arbitrio
1118 1821 1343 1881 posita45‘3),

179 1886 310 1925 XLVI
329 1888 356 1925 4
380 1887 504 1926 verba
528 1884 595 1926 καὶ
614 1883 690 1926 τὰς
709 1883 952 1935 πληεμονὰε
972 1882 1145 1934 ἀγαπᾶν
1165 1883 1301 1935 εὐθύς,
1328 1899 1430 1937 quae
1449 1888 1514 1927 vel
1532 1887 1621 1927 ideo

65 1945 240 1984 dubitari
258 1958 336 1985 non
356 1947 486 1996 debet,
504 1946 600 1997 quin
618 1946 791 1998 genuina
810 1946 901 1997 sint,
921 1946 1026 1996 quod
1044 1946 1124 1985 illis
1145 1946 1303 1985 omissis
1324 1947 1622 1986 accuratissima

65 2005 260 2056 quaedam
286 2008 326 2044 et
351 2006 646 2056 elegantissima
670 2006 874 2056 responsio
900 2005 1092 2044 orationis
1118 2006 1283 2045 deletur.
1292 2001 1364 2060 4⁵⁷)

183 2064 260 2104 Sed
293 2078 381 2104 cum
409 2066 611 2115 ceteroqui
635 2065 746 2105 locos
772 2066 858 2104 tam
882 2067 1066 2104 accurate
1098 2066 1335 2115 expresserit
1362 2065 1542 2118 Sergius,
1573 2069 1620 2106 ut

63 2124 112 2163 de
132 2124 328 2174 scriptura
348 2125 423 2164 sibi
440 2125 647 2175 proposita
667 2124 912 2163 dubitavisse
936 2125 1098 2163 minime
1117 2125 1333 2176 videretur,
1358 2126 1486 2177 magis
1511 2127 1619 2177 equi-

61 2183 151 2222 dem
176 2196 222 2222 eo
253 2197 473 2234 propensus
498 2196 602 2232 sum,
633 2187 682 2223 ut
711 2184 833 2223 verba
863 2184 934 2223 illa
964 2197 1007 2223 re
1038 2196 1135 2224 vera
1165 2185 1207 2223 in
1232 2186 1462 2236 apographo
1488 2186 1618 2237 Sergii

65 2255 273 2293 perperam
298 2243 445 2282 omissa
471 2244 593 2282 fuisse
617 2246 765 2294 putem.

180 2302 320 2353 Neque
346 2303 450 2341 enim
473 2316 601 2353 pauca
625 2306 734 2351 sunt,
767 2315 869 2353 quae
894 2302 935 2341 in
959 2302 1029 2341 illo
1056 2304 1271 2354 exemplari
1302 2305 1620 2356 neglegentia

1 2367 2 2370 ’
63 2361 377 2400 librariorum
404 2362 519 2401 omis
530 2375 574 2401 sa
598 2364 720 2402 erant.
770 2362 983 2401 Exciderat
1008 2362 1159 2401 scilieet

0 2419 3 2427 '
179 2420 259 2459 VII
278 2423 303 2460 3
332 2418 438 2470 μόνη
463 2422 569 2471 quod
594 2422 782 2471 perfacile
807 2425 900 2461 ante
926 2420 1002 2470 μέν
1028 2422 1159 2461 omitti
1183 2426 1342 2472 poterat
1351 2418 1440 2476 45⁸),

178 2480 235 2519 IX
255 2482 280 2520 8
306 2480 394 2520 τῶν
419 2477 713 2530 ὑπαρχόντων,
738 2482 844 2532 quod
869 2483 915 2520 ut
938 2482 1045 2520 iusta
1070 2482 1267 2532 oppositio
1293 2484 1482 2534 exsistat,
1507 2496 1616 2534 pror-

0 2533 4 2558 ἶ
64 2551 130 2579 sus
154 2540 419 2579 necessarium
445 2535 597 2593 est⁴⁵⁹),

173 2599 309 2712 ΞξἾΙ
335 2601 362 2638 4
394 2596 545 2648 μόνον,
583 2599 689 2650 quod
724 2599 939 2650 genuinum
977 2612 1064 2639 esse
1103 2612 1271 2650 sequens
1309 2597 1420 2640 ἀλλὰ
1456 2600 1525 2642 καὶ
1561 2604 1617 2641 in-

0 2663 3 2666 ’
62 2657 168 2698 dicat
247 2689 258 2710 ,

179 2717 332 2757 XXVII
351 2719 375 2758 5
403 2714 647 2767 ἀπόλαυειν,
673 2730 750 2768 quo
775 2719 954 2769 quamvis
982 2719 1094 2759 salva
1114 2719 1312 2758 sententia
1334 2722 1459 2760 careri
1478 2722 1616 2771 possit,

63 2777 278 2827 genuinum
309 2779 444 2816 tamen
474 2779 572 2828 puto
604 2789 708 2828 esse,
745 2778 838 2828 quia
867 2779 909 2817 in
941 2778 1197 2829 sequentibus
1234 2792 1390 2830 quoque
1421 2781 1615 2820 bonorum

65 2837 260 2886 possessio
286 2839 327 2876 et
350 2849 446 2876 usus
471 2837 577 2876 inter
602 2847 645 2875 se
670 2832 1012 2891 opponunturffl),

180 2895 310 2935 XXXI
332 2898 353 2935 1
383 2896 456 2948 buc
481 2897 638 2947 syllaba
662 2896 844 2936 vocabuli
869 2890 1212 2950 tucdpecroc462),
