1820 3126
557 125 851 162 Lucubrationes
877 124 1161 171 SyrorGraecae.
1554 124 1637 167 391

89 244 220 282 Tanta
239 241 342 281 enim
361 240 498 291 procul
517 239 636 278 dubio
656 239 738 288 illa,
759 250 859 289 quae
878 238 983 277 inter
1002 237 1148 288 Syrum
1169 237 1401 286 scriptorem
1421 238 1461 276 et
1474 236 1642 289 Kostam

92 300 309 350 intercedit,
333 298 584 338 necessitudo
610 300 683 349 est,
708 300 755 336 ut
780 298 829 336 ad
853 297 958 336 idem
985 297 1207 347 exemplum
1229 296 1420 336 Graecum
1441 296 1640 335 versiones

96 361 264 411 Syriaca,
292 359 402 399 cuius
426 358 615 409 reliquias
635 357 857 409 Lagardius
883 356 1018 405 edidit,
1045 360 1085 395 et
1104 356 1276 395 Arabica
1299 356 1440 394 referri
1459 356 1641 396 debeant.

95 419 218 470 Atqui
240 420 425 470 putemus
446 418 612 457 eundem
632 417 779 456 librum
802 416 1010 471 Graecum,
1035 429 1151 466 quem
1173 415 1335 466 Sergius
1354 415 1640 466 transtulisset,

89 481 180 528 post
214 478 476 518 clarissimum
513 477 774 527 interpretem
810 475 939 515 denuo
972 474 1135 526 Syriaco
1166 475 1364 514 redditum
1396 487 1500 524 esse,
1536 475 1641 514 unde

88 538 311 588 fragmenta
334 537 600 577 Londinensia
631 538 815 586 excerpta
848 535 955 574 sint?
1004 535 1108 573 Nam
1139 548 1188 574 ne
1217 535 1457 586 versionem,
1489 547 1537 573 ex
1562 548 1640 585 qua

89 597 262 647 epitoma
286 596 546 637 Londinensis
571 597 680 636 facta
705 597 777 644 est,
804 597 897 634 ante
917 594 1151 645 Sergianam
1176 594 1376 633 conditam
1401 606 1487 633 esse
1513 595 1639 644 suspi-

89 669 237 705 cemur,
275 658 499 706 temporum
534 657 638 695 ratio
675 656 819 695 obstat.
883 654 1079 694 Graecum
1117 655 1222 693 enim
1259 654 1499 705 exemplum,
1538 654 1642 693 unde

87 718 255 766 utraque
287 717 446 756 fluxisse
476 716 655 766 putanda
680 717 785 766 erat,
810 715 962 765 primus
989 714 1215 753 adhibuisse
1240 714 1400 753 videtur
1424 713 1640 753 Palladius.

87 775 258 814 Palladii
283 778 427 826 autem,
453 776 533 827 qui,
558 775 628 815 ubi
645 775 745 814 illud
767 775 958 825 sequitur,
984 774 1217 824 simpliciter
1237 771 1456 824 „Graecos“
1475 773 1639 813 laudare

88 835 206 884 solet,
243 836 487 885 temporibus
524 835 736 874 manifesto
774 847 821 874 ea
857 834 1073 874 novissima
1108 835 1196 872 erat
1230 833 1473 872 Graecorum
1511 834 1559 872 de
1596 847 1639 873 re

0 908 6 931 ι
85 895 235 934 rustica
265 897 566 945 praeceptorum
598 895 788 934 collectio.
838 895 962 944 Atqui
988 893 1212 932 Palladium
1243 894 1348 932 inter
1380 895 1421 932 et
1453 892 1638 944 Sergium

83 954 150 994 vix
180 957 338 993 centum
369 967 561 994 annorum
594 955 766 1005 spatium
796 947 1098 1007 intercedit.¹⁷⁹)
1153 952 1337 992 Eundem
1366 966 1460 992 vero
1492 953 1638 992 librum

4 1052 6 1054 .
86 1014 283 1053 Graecum
313 1014 420 1053 intra
450 1014 617 1065 triginta
647 1015 867 1053 lustrorum
898 1014 982 1052 fere
1006 1013 1179 1064 spatium
1205 1013 1267 1052 bis
1294 1012 1456 1063 Syriace
1482 1026 1640 1053 versum

3 1076 6 1080 ’
86 1086 172 1113 esse
198 1074 285 1125 quis
311 1076 384 1124 est,
409 1074 477 1124 qui
497 1075 572 1113 sibi
591 1073 855 1124 persuadeat?
879 1094 937 1100 -ν
963 1073 1086 1112 Plane
1105 1073 1155 1112 ad
1175 1075 1328 1112 certum
1347 1085 1412 1111 res
1431 1072 1640 1124 redigitur,

84 1134 117 1172 si
142 1135 275 1173 mente
300 1133 595 1173 consideramus
622 1147 670 1173 ex
695 1134 822 1173 altera
846 1135 959 1183 parte
985 1134 1211 1183 fragmenta
1230 1132 1497 1172 Londinensia
1521 1134 1639 1185 plane

0 1191 4 1236 ,’
84 1195 212 1232 artem
238 1206 539 1244 sermonemque
565 1194 790 1233 versionum
811 1193 1093 1244 Sergianarum
1118 1193 1250 1232 fronte
1269 1205 1420 1242 gerere,
1447 1206 1494 1232 ex
1514 1194 1642 1232 altera

0 1281 3 1283 >
84 1253 306 1293 versionem
331 1253 484 1306 Kostae
508 1254 723 1292 Arabicam
754 1253 875 1292 etiam
906 1253 1125 1303 scripturae
1150 1253 1303 1291 mendis
1328 1264 1419 1291 cum
1442 1253 1524 1292 illis
1549 1265 1639 1292 con-

84 1313 234 1352 venire.
282 1313 342 1352 De
375 1325 555 1352 sermone
587 1315 628 1352 et
660 1316 745 1352 arte
776 1313 968 1353 versionis
994 1312 1177 1363 Syriacae
1202 1325 1281 1351 non
1307 1314 1384 1362 est,
1418 1314 1523 1363 quod
1549 1314 1641 1363 post

86 1385 200 1412 curas
224 1367 518 1427 Sprengeri180)
543 1373 670 1412 fusius
696 1373 834 1412 dicam.
885 1372 1267 1412 Commentationem
1292 1372 1446 1411 iuvenis
1472 1373 1640 1423 diligen-

82 1431 234 1472 tissime
265 1433 527 1483 conscriptam
553 1432 676 1482 siquis
707 1433 996 1483 comparaverit
1027 1445 1116 1471 cum
1148 1432 1223 1484 eis,
1261 1444 1363 1482 quae
1395 1444 1468 1482 ego
1499 1435 1640 1482 postea

80 1493 129 1531 de
166 1505 310 1543 genere
348 1492 545 1532 scribendi
580 1493 812 1543 rationeque
849 1492 1031 1532 vertendi
1068 1491 1269 1542 Sergianis
1307 1491 1455 1542 dicam,
1499 1493 1638 1542 procul

81 1551 202 1591 dubio
241 1565 403 1590 manum
438 1552 626 1591 archiatri
659 1552 912 1591 Resa'inensis
951 1552 1072 1591 etiam
1109 1552 1151 1590 in
1188 1551 1363 1601 epitoma
1393 1551 1636 1591 Londinensi

79 1613 279 1662 agnoscet.
328 1612 389 1650 Ex
419 1612 585 1651 adverso
617 1612 762 1651 summi
792 1612 981 1651 momenti
1010 1612 1052 1651 id
1085 1612 1182 1650 mihi
1211 1611 1370 1651 videtur
1394 1623 1498 1663 esse,
1533 1612 1638 1663 quod

79 1672 121 1710 in
151 1671 376 1710 nominibus
408 1671 556 1721 Apulei
587 1674 628 1711 et
659 1671 878 1711 Democriti
909 1671 1171 1723 exprimendis
1205 1672 1343 1710 eadem
1374 1683 1537 1721 prorsus
1572 1685 1634 1711 ra-

78 1731 187 1770 tione
213 1731 254 1769 in
279 1731 454 1781 epitoma
479 1731 642 1782 Syriaca
667 1734 708 1771 et
733 1744 756 1770 a
781 1730 911 1784 Kosta
935 1734 1140 1782 peccatum
1166 1733 1238 1770 est.
1292 1730 1463 1782 Utrique
1489 1728 1636 1781 Δημό-

80 1801 218 1840 κριτος
243 1793 306 1830 est
330 1791 602 1842 Democrates,
629 1787 879 1842 Ἀπουλήῖο(
905 1786 1226 1843 Apollonius.¹⁸²)
1275 1791 1375 1830 Rem
1400 1804 1445 1830 eo
1473 1791 1634 1831 maioris

78 1850 262 1900 ponderis
275 1862 362 1890 esse
374 1850 517 1901 iudico,
538 1850 642 1901 quod
654 1864 733 1890 non
746 1853 828 1890 tam
842 1851 893 1890 ad
907 1851 1104 1891 scribendi
1116 1851 1413 1901 neglegentiam
1426 1851 1635 1891 referenda

78 1922 164 1949 esse
182 1910 352 1962 videtur,
372 1923 474 1960 quae
494 1911 630 1950 eadem
649 1911 753 1950 forte
771 1911 1024 1950 librariorum
1039 1910 1130 1962 Syri
1148 1913 1189 1949 et
1202 1910 1346 1950 Arabis
1365 1923 1450 1950 esse
1463 1913 1634 1962 poterat,

78 1983 196 2021 quam
227 1970 277 2009 ad
307 1970 628 2010 immutationem
657 1971 860 2009 nominum
892 1971 941 2010 ab
972 1971 1058 2021 ipso
1091 1969 1229 2022 Sergio
1261 1972 1441 2010 consulto
1476 1972 1635 2011 factam.

77 2030 181 2069 Nam
198 2029 276 2068 nisi
296 2031 428 2069 omnia
444 2043 508 2069 me
527 2030 673 2070 fallunt
691 2030 854 2082 Sergius
874 2031 1113 2080 scripturam
1133 2030 1312 2081 exempli,
1333 2031 1437 2081 quod
1457 2032 1535 2082 ipsi
1547 2045 1635 2082 pro-

77 2089 252 2140 positum
277 2091 380 2138 erat,
406 2089 548 2129 Graeci
573 2089 831 2141 depravatam
857 2103 946 2130 esse
971 2091 1189 2130 arbitratus
1216 2090 1442 2130 nominibus
1469 2091 1634 2142 scripto·

76 2162 177 2200 rum,
202 2162 313 2199 quos,
339 2161 430 2188 cum
453 2162 594 2200 parum
613 2151 794 2201 cognitos
814 2150 992 2201 haberet,
1019 2150 1176 2190 omnino
1195 2150 1327 2190 nullos
1347 2162 1434 2190 esse
1453 2151 1634 2203 putabat,

79 2208 288 2248 substituit
320 2209 480 2248 nomina
509 2211 716 2249 auctorum
751 2210 1009 2260 Graecorum,
1048 2223 1217 2260 quorum
1247 2211 1377 2249 multa
1410 2212 1498 2249 erat
1528 2211 1635 2261 apud

76 2269 289 2320 populares
319 2268 444 2319 ipsius
469 2270 700 2309 auctoritas.
749 2270 863 2309 Unde
889 2270 994 2309 enim
1017 2274 1204 2320 putemus
1231 2269 1342 2320 Syris
1368 2271 1491 2321 vulgo
1516 2273 1632 2310 notos

77 2328 201 2367 fuisse
214 2328 483 2368 Democritum
495 2328 729 2369 Abderitam
743 2331 814 2368 aut
827 2329 1042 2380 Apuleium
1055 2329 1357 2369 Medaurensem
1365 2324 1463 2382 ¹⁸²)‘?
1484 2329 1633 2371 Contra

77 2388 335 2438 Apollonium
378 2390 483 2428 certe
528 2389 731 2439 cognitum
766 2389 968 2429 habebant
1007 2389 1256 2440 Tyanensem
1293 2402 1418 2440 aeque
1457 2389 1550 2440 Syri
1561 2384 1632 2445 183)

78 2449 197 2498 atque
211 2447 366 2487 Arabes
376 2442 458 2502 ¹⁸4),
477 2448 588 2487 cuius
608 2449 825 2488 sententias
846 2450 1038 2500 quasdam
1058 2449 1218 2500 Syriaco
1236 2462 1373 2489 versas
1387 2449 1630 2490 Gottheilius

79 2502 288 2561 edidit.¹8⁵)
338 2508 593 2548 Democrates
619 2511 751 2548 autem
777 2511 839 2548 est
864 2509 906 2547 in
930 2522 1093 2549 numero
1118 2509 1445 2559 philosophorum
1470 2510 1630 2548 illorum

78 2567 289 2606 maximam
313 2570 469 2618 partem
493 2580 686 2607 novorum
702 2568 1073 2620 Pythagoricorum,
1099 2582 1266 2620 quorum
1286 2569 1508 2608 sententiae
1528 2570 1632 2608 circa

79 2628 296 2666 extremam
338 2627 564 2667 litterarum
602 2628 854 2678 antiquarum
891 2630 1064 2667 aetatem
1102 2628 1280 2668 homines
1319 2628 1631 2668 admirabantur.

78 2686 203 2738 Atqui
227 2686 352 2726 vitam
378 2681 643 2740 Secundi186),
674 2688 890 2727 sententias
916 2683 1122 2742 Sexum),
1155 2700 1239 2739 eas,
1270 2700 1371 2738 quae
1400 2688 1632 2727 ferebantur

78 2745 330 2797 Pythagorae
338 2741 410 2800 188)
455 2748 495 2786 et
533 2747 718 2786 Theanus
727 2741 815 2801 18⁵³),
858 2748 1072 2787 sententias
1115 2748 1156 2786 in
1198 2747 1373 2797 patrium
1409 2760 1630 2788 sermonem

78 2806 293 2845 translatas
325 2805 416 2856 Syri
448 2806 693 2846 lectitabant.
743 2806 853 2846 Adeo
885 2807 1046 2846 difficile
1078 2807 1129 2846 sit
1160 2806 1211 2845 ad
1241 2807 1479 2846 credendum
1510 2808 1630 2846 etiam

81 2864 298 2904 sententias
317 2865 564 2906 Democratis
585 2865 744 2916 Syriace
768 2879 906 2906 versas
931 2867 1140 2916 exstitisse,
1164 2866 1333 2917 indeque
1358 2867 1506 2906 factum
1532 2879 1629 2917 esse,

79 2925 125 2963 ut
159 2924 434 2965 Democratem
471 2928 512 2965 et
547 2926 818 2966 Democritum
855 2925 1020 2977 Sergius
1058 2926 1315 2966 confunderet
1323 2921 1419 2980 ¹⁹⁰)‘?
1460 2948 1509 2954 —
1551 2926 1628 2965 Sed
