1820 3126
231 115 317 158 488
842 115 884 153 A.
910 115 1144 153 Baumstark:

232 229 377 267 tionem
401 228 524 266 libere
548 228 746 266 confessus
771 241 853 267 rem
877 228 918 267 in
942 227 1068 266 medio
1093 228 1315 278 relinquere
1340 240 1457 279 quam
1482 228 1611 267 minus
1632 229 1758 268 cautis

233 286 466 325 coniecturis
485 288 651 336 tentare,
676 298 775 336 quae
794 289 927 325 utrum
947 288 1132 336 corrupta
1151 288 1282 325 essent
1307 298 1355 325 an
1381 299 1405 325 a
1426 299 1487 325 me
1513 299 1652 336 parum
1671 299 1762 337 per-

234 347 377 395 specta,
403 347 508 383 certo
533 357 611 383 non
635 345 813 384 sciebam.

350 403 574 442 Clarissimo
594 415 698 449 vero,
721 416 837 453 quam
855 405 1007 442 mature
1027 404 1153 443 versio
1174 402 1334 453 Syriaca
1352 403 1457 442 facta
1477 416 1560 443 esse
1580 404 1762 443 videatur

235 475 281 501 ex
305 462 493 501 ratione
519 462 656 511 elucet,
681 474 798 511 quae
822 462 948 500 inter
973 462 1060 501 duo
1081 462 1327 511 florilegio.
1350 462 1621 501 intercedit.
1666 463 1762 500 Eam

234 522 350 559 liceat
374 521 490 569 paulo
514 520 730 559 accuratius
756 521 945 570 expedire.
968 541 1020 548 —
1040 520 1087 558 In
1111 521 1302 571 florilegio
1327 533 1351 559 a
1369 520 1516 559 Landio
1542 521 1648 559 edito
1674 521 1763 559 inde

236 592 259 617 a
291 579 364 628 frg.
394 581 414 617 1
449 591 571 627 usque
602 578 651 616 ad
681 578 755 630 frg.
783 580 910 624 sset
940 592 964 617 a
993 579 1067 628 frg.
1097 580 1175 618 137
1210 592 1332 629 usque
1364 579 1413 618 ad
1443 579 1517 628 frg.
1548 581 1626 618 152
1658 581 1765 618 certa

236 638 428 687 quaedam
460 637 705 687 singularum
736 637 1019 675 sententiarum
1050 637 1254 687 dispositio
1286 637 1336 676 ad
1366 650 1542 676 normam
1566 637 1764 677 variorum

237 697 558 745 argumentorum
576 696 617 733 in
640 695 863 734 universum
884 695 1037 746 quidem
1056 695 1170 734 facile
1190 695 1445 746 cognoscitur.
1478 695 1644 734 Videtur
1663 696 1765 734 enim

236 755 273 792 id
302 754 384 805 agi,
416 756 463 792 ut
488 753 744 792 Menandreae
776 754 989 803 sapientiae
1019 756 1228 804 praecepta
1257 754 1380 793 vitam
1404 754 1573 793 hominis
1605 755 1716 803 quasi
1742 766 1766 792 a

238 813 346 851 cunis
372 825 494 862 usque
519 813 568 851 ad
594 812 815 861 sepulcrum
839 814 1133 861 persequantur.
1182 811 1220 849 A
1244 812 1316 850 deo
1341 812 1496 850 initium
1520 812 1566 850 fit
1591 807 1684 864 (frg.
1709 809 1766 864 1),

240 872 457 920 sequuntur
476 871 523 909 de
541 870 690 920 pietate
708 871 935 919 parentibus
955 883 978 909 a
997 870 1130 908 liberis
1150 870 1283 908 debita
1301 864 1394 923 (frg.
1417 871 1453 920 2,
1475 871 1510 917 3,
1533 872 1569 920 6,
1591 867 1635 921 7)
1657 884 1766 920 prae-

238 932 350 979 cepta
381 931 421 968 et
451 930 498 968 de
528 930 742 967 liberorum
775 929 1001 968 educatione
1032 923 1126 980 (frg.
1152 922 1313 980 8—10)
1341 929 1569 967 sententiae.
1618 929 1767 967 Deinde

239 989 390 1028 iuvenis
404 988 646 1037 admonetur,
662 990 705 1026 ut
719 987 949 1026 ebrietatem
967 982 1032 1040 (fr.
1050 982 1251 1040 14—18),
1265 987 1561 1025 somnolentiam
1577 982 1668 1038 (frg.
1683 981 1768 1040 20),

239 1047 442 1097 pigritiam
468 1041 560 1098 (frg.
589 1044 661 1098 22)
686 1047 826 1097 fugiat.
875 1045 1136 1094 Subiungitur
1167 1045 1214 1084 de
1239 1046 1413 1084 ducenda
1444 1058 1562 1084 uxore
1587 1058 1766 1095 praecep-

239 1110 326 1144 tum
350 1099 444 1159 (frg.
472 1106 526 1144 30
541 1099 608 1157 8.),
639 1105 744 1154 quod
774 1105 964 1153 excipitur
995 1104 1151 1153 eopiosa
1175 1117 1327 1142 morum
1357 1104 1538 1154 vitaeque
1563 1104 1768 1154 disciplina

239 1177 310 1214 per
341 1164 471 1213 capita
501 1163 692 1213 quaedam
725 1163 925 1212 disposita.
985 1162 1162 1200 Primum
1191 1162 1410 1201 inculcatur
1434 1157 1526 1214 (frg.
1554 1160 1628 1214 32)
1653 1163 1769 1201 deum

242 1235 327 1261 esse
352 1221 587 1272 timendum,
619 1221 775 1272 deinde,
800 1221 993 1271 quomodo
1019 1233 1171 1270 quoque
1196 1221 1351 1259 homine
1374 1220 1563 1259 utendum
1588 1221 1657 1268 sit,
1683 1233 1770 1259 cum

242 1294 318 1330 quo
341 1281 447 1320 vitae
467 1280 607 1328 aliquis
628 1291 722 1318 usus
741 1291 826 1318 esse
845 1281 987 1330 potest,
1011 1279 1176 1317 inimicis
1196 1280 1345 1318 scilicet
1363 1273 1456 1332 (frg.
1478 1281 1530 1318 33
1547 1274 1608 1333 s.),
1633 1279 1770 1318 alienis

244 1337 338 1391 (frg.
361 1332 562 1390 35—38),
588 1351 612 1376 a
630 1350 794 1388 quorum
812 1338 908 1376 rixis
927 1340 967 1376 et
986 1337 1152 1376 fortunis
1173 1337 1447 1376 abstinendum
1468 1338 1531 1386 sit,
1550 1337 1771 1376 hominibus

244 1399 357 1436 malis
383 1393 476 1449 (frg.
505 1391 590 1449 39),
617 1397 739 1436 servis
766 1391 860 1449 (frg.
879 1390 1082 1449 40—45)‚
1106 1396 1210 1435 notis
1235 1390 1328 1449 (frg.
1349 1390 1559 1449 46—52),
1583 1395 1770 1435 fratribus

245 1452 310 1508 (fr.
332 1450 533 1508 53—55),
559 1455 692 1494 amicis
720 1451 812 1508 (frg.
835 1456 902 1505 59,
923 1450 1009 1507 59),
1034 1455 1255 1493 hominibus
1279 1454 1531 1493 infortunatis
1558 1457 1597 1494 et
1621 1454 1772 1493 miseris

244 1510 338 1567 (frg.
359 1509 445 1566 61),
470 1526 590 1552 uxore
611 1514 776 1564 denique
797 1508 892 1566 (frg.
914 1508 1103 1566 62—65)
1123 1514 1370 1564 praecipitur.
1414 1512 1567 1552 Desinit
1589 1514 1667 1552 ista
1685 1514 1772 1552 hor-

244 1574 405 1612 tationis
430 1585 521 1622 pars
546 1573 585 1610 in
605 1572 857 1611 tritissimum
875 1572 990 1610 illud:
1016 1571 1151 1622 „Quod
1176 1572 1249 1610 tibi
1273 1571 1360 1610 fieri
1383 1572 1567 1622 nolueris,
1592 1572 1631 1609 id
1656 1571 1772 1610 alteri

245 1645 294 1670 ne
325 1630 493 1670 feceris“
524 1626 620 1682 (frg.
651 1626 734 1683 67).
790 1630 1015 1681 Sequuntur
1043 1630 1154 1669 varia
1183 1632 1391 1680 praecepta
1415 1630 1580 1668 moralia
1611 1632 1650 1668 et
1680 1643 1772 1679 pru-

246 1690 417 1739 dentiae,
443 1689 591 1728 scilicet
615 1691 750 1728 contra
774 1690 997 1738 superbiam
1021 1686 1113 1740 (frg.
1142 1690 1207 1739 68,
1234 1686 1325 1739 69),
1351 1689 1398 1727 de
1423 1689 1624 1736 conviviis,
1651 1688 1773 1736 donis,

247 1749 432 1788 ditiorum
451 1748 729 1786 consuetudine
743 1742 836 1801 (frg.
846 1749 953 1786 71-
963 1742 1048 1800 79),
1068 1747 1114 1785 de
1128 1747 1403 1797 superstitione
1413 1741 1602 1800 (frg.80),
1614 1747 1774 1797 pigritia

246 1802 338 1860 (frg.
365 1802 457 1860 81),
495 1807 703 1845 furacitate
740 1808 780 1844 et
815 1806 1082 1844 fraudulentia
1108 1800 1202 1859 (frg.
1229 1807 1282 1844 82
1298 1802 1358 1858 s.)‚
1395 1805 1555 1844 lascivia
1584 1801 1678 1857 (frg.
1700 1799 1773 1858 84)

246 1865 453 1916 fugiendis,
475 1865 522 1903 de
541 1864 684 1903 litteris
703 1864 874 1904 colendis
893 1863 984 1914 (frg.
1006 1866 1058 1903 85
1073 1858 1136 1916 s.)‚
1160 1865 1324 1915 denique
1343 1865 1479 1903 contra
1497 1864 1771 1913 garrulitatem

245 1919 338 1977 (frg.
367 1925 433 1974 87,
455 1919 539 1976 93).
587 1923 808 1971 Postremo,
834 1923 1024 1973 quomodo
1048 1923 1089 1960 in
1113 1923 1215 1962 bello
1241 1917 1336 1975 (frg.
1365 1924 1435 1974 94,
1461 1918 1533 1973 95)
1560 1925 1616 1971 et,
1641 1922 1710 1960 ubi
1733 1922 1774 1959 in

245 1984 306 2021 ius
325 1986 486 2022 vocatus
506 1982 594 2032 eris,
617 1978 709 2034 (frg.
731 1976 804 2034 96)
823 1983 863 2020 te
882 1993 1009 2032 geras,
1032 1981 1280 2030 praecipitur.
1330 1980 1425 2019 Inde
1443 1993 1467 2019 a
1485 1981 1558 2030 frg.
1574 1983 1625 2019 97
1647 1992 1771 2030 usque

246 2042 295 2080 ad
314 2042 387 2091 frg.
411 2043 492 2080 136
514 2043 643 2079 certus
663 2041 985 2090 argumentorum
1003 2039 1096 2078 ordo
1114 2039 1246 2078 nullus
1265 2039 1514 2089 conspicitur,
1538 2040 1646 2077 varia
1664 2039 1772 2077 vario

246 2101 360 2139 modo
385 2101 573 2149 permista
591 2101 694 2138 sunt.
735 2099 772 2137 A*
790 2099 863 2148 frg.
887 2100 966 2138 137
993 2110 1119 2148 usque
1137 2098 1187 2136 ad
1205 2098 1280 2148 frg.
1301 2098 1382 2138 152
1409 2097 1456 2136 de
1480 2109 1611 2136 rerum
1637 2098 1775 2135 huma-

246 2171 383 2197 narum
403 2158 619 2207 fragilitate
638 2159 686 2196 de
700 2158 847 2207 morbo,
867 2159 1078 2207 senectute,
1098 2158 1233 2208 morte,
1253 2157 1468 2206 sepultura,
1486 2156 1595 2194 luctu
1608 2156 1773 2205 denique

247 2217 500 2266 temperando
533 2217 705 2256 docetur.
754 2216 938 2262 Quamvis
971 2216 1024 2255 sit
1059 2227 1238 2264 mancus,
1268 2218 1328 2254 est
1359 2215 1514 2264 quidem
1545 2215 1585 2252 in
1614 2214 1674 2253 his
1707 2215 1776 2252 ali-

249 2276 336 2326 quis
369 2277 531 2314 certus
563 2275 673 2314 ordo
705 2274 905 2314 consilio
938 2277 984 2313 e't
1007 2277 1109 2313 arte
1133 2274 1438 2313 constitutus.
1493 2272 1567 2311 Sed
1592 2273 1773 2311 turbatur

250 2335 468 2373 miserrime
487 2346 563 2373 non
578 2335 704 2372 solum
723 2334 921 2372 variarum
935 2332 1218 2371 sententiarum
1236 2332 1434 2382 farragine
1446 2332 1516 2370 illa
1533 2332 1623 2381 post
1635 2332 1707 2380 frg.
1721 2333 1774 2370 96

252 2393 485 2442 interposita
509 2392 577 2431 sed
602 2392 721 2430 etiam
742 2392 905 2442 singulis
925 2391 1127 2430 sententiis
1152 2391 1201 2429 ab
1221 2391 1355 2430 ordine
1378 2390 1446 2428 illo
1471 2389 1606 2428 alienis
1631 2390 1776 2438 passim

249 2453 383 2501 inepte
414 2451 584 2490 insertis.
641 2451 720 2489 Eas
746 2463 879 2489 omnes
910 2452 1126 2500 comparet,
1157 2450 1261 2500 quod
1291 2449 1458 2499 quadam
1489 2448 1676 2487 orationis
1709 2451 1778 2487 aut

254 2510 477 2560 argumenti
503 2509 694 2548 affinitate
720 2522 807 2548 cum
833 2509 888 2547 eis
914 2508 1129 2558 sententiis,
1153 2508 1263 2547 iuxta
1287 2519 1384 2557 quas
1407 2507 1558 2556 positae
1583 2506 1623 2544 in
1648 2507 1777 2546 codice

252 2582 371 2607 manu
397 2570 540 2618 scripto
566 2570 733 2619 exstant,
758 2567 964 2606 cohaerere
988 2567 1225 2618 viderentur,
1249 2566 1389 2606 leviter
1412 2565 1662 2614 interpositas
1681 2577 1777 2615 esse,

252 2629 361 2667 velut
383 2629 434 2665 19
455 2630 544 2676 post
565 2627 745 2674 14—-18,
772 2627 874 2676 quod
894 2626 941 2664 de
961 2625 1095 2664 eodem
1114 2627 1207 2664 sunt
1231 2626 1473 2675 argumento,
1498 2624 1674 2673 quamvis
1700 2624 1778 2662 sint

254 2686 538 2735 significatione
575 2685 791 2724 sententiae
825 2687 876 2723 19
909 2684 1129 2734 oppositae,
1168 2685 1218 2722 21
1257 2685 1346 2733 post
1377 2684 1432 2722 20
1463 2684 1623 2732 propter
1653 2683 1777 2721 somni

253 2744 477 2795 imaginem,
505 2746 556 2783 56
578 2746 618 2782 et
638 2745 690 2783 57
711 2745 801 2793 post
820 2744 887 2792 55,
912 2743 1015 2793 quod
1038 2742 1079 2780 in
1097 2755 1144 2781 ea
1163 2741 1353 2780 sententia
1370 2741 1441 2779 filii
1465 2752 1630 2790 nequam
1652 2741 1776 2790 patris

253 2806 417 2842 mortem
443 2802 704 2852 exspectantis
729 2801 872 2840 mentio
899 2803 975 2848 est,
1009 2803 1054 2840 ut
1082 2801 1214 2850 paucis
1241 2799 1442 2849 exemplis,
1475 2798 1568 2849 quid
1599 2799 1776 2847 sentiam,

252 2862 460 2900 illustrem.
493 2861 718 2900 Putaverim
738 2860 860 2911 igitur
878 2859 1173 2910 florilegium
1188 2858 1480 2898 Landianum
1497 2858 1655 2895 natum
1676 2870 1776 2896 esse
