1820 3126
591 111 885 149 Lucubrationes
911 108 1197 155 Syro-Graecae.
1585 102 1673 144 473

701 295 854 346 Caput
878 292 1089 333 tertium.

465 408 527 453 Dc
553 403 823 463 fragmentis
848 399 1079 450 Menandri
1106 399 1322 459 Syriacis.

125 519 198 557 An.
225 515 262 555 S.
289 516 382 554 tom.
402 514 423 553 I
447 528 484 564 p.
508 515 589 552 156
615 525 644 552 s.
666 525 708 562 s.,
738 511 819 549 198
841 522 872 548 s.
891 521 921 548 s.
949 505 1060 562 (libri
1087 507 1230 546 Latine
1256 500 1430 557 scripti),
1455 518 1493 554 p.
1521 504 1576 543 64
1597 515 1628 543 s.
1648 515 1678 542 s.

205 570 358 630 (textus
391 567 575 627 Syriaci).
625 572 655 612 I.
688 570 726 610 S.
756 583 793 620 p.
821 571 876 609 80
897 581 925 608 s.
946 581 974 607 s.
1033 566 1283 607 Comicorum
1312 565 1539 605 Atticorum
1575 564 1680 613 frag-

204 637 340 674 menta
359 633 484 672 edidit
504 633 574 672 Th.
594 631 716 671 Kock.
753 630 831 669 vol.
851 628 903 679 II,
923 627 995 667 III.
1025 627 1187 677 Lipsiae
1209 626 1452 666 1884—88.
1490 624 1535 662 Τ.
1555 623 1682 662 Macci

205 694 339 734 Plauti
374 692 599 732 comoediae
628 690 828 730 recensuit
857 688 899 727 F.
926 687 1164 727 Ritschelius
1199 686 1315 725 sociis
1351 697 1494 735 operae
1525 682 1683 722 adsum-

205 755 285 804 ptis
317 752 456 803 Lowe,
489 752 607 802 Gotz,
639 750 783 790 Scholl.
845 748 889 787 P.
916 747 1076 787 Terenti
1107 746 1198 785 Afri
1230 745 1453 785 comoediae
1483 742 1684 783 recensuit

206 813 248 853 O.
279 812 478 852 Dziatzko.
540 811 698 861 Lipsiae
730 810 853 849 1884.
924 807 1170 847 comicorum
1213 806 1481 845 Romanorum
1524 804 1684 854 praeter

207 874 394 912 Plautum
425 875 466 911 et
498 870 728 910 Terentium
759 869 985 920 fragmenta.
1017 867 1175 906 secund.
1208 879 1290 905 cur.
1321 877 1397 904 rec.
1424 863 1470 903 Ο.
1496 862 1683 903 Ribbeck.

211 933 371 983 Lipsiae
398 933 522 972 1873.

246 1004 627 1050 Sententiarum,
660 1013 761 1052 quae
792 1000 975 1039 feruntur
1007 997 1272 1046 Menandri,
1310 997 1400 1036 duo
1433 994 1686 1046 florilegia

129 1065 293 1116 Syriaca
319 1066 493 1103 aetatem
518 1063 709 1102 tulerunt.
751 1060 950 1110 Alterum,
975 1058 1169 1108 copiosius
1194 1057 1295 1096 illud
1320 1055 1480 1107 quidem
1499 1055 1627 1094 multo
1646 1056 1687 1093 et

127 1125 329 1175 antiquius
347 1136 469 1162 manu
489 1122 681 1172 scriptum
701 1122 831 1159 exstat
855 1120 903 1158 in
928 1118 1089 1158 codiee
1107 1129 1222 1157 mus.
1241 1117 1360 1155 Brit.
1380 1129 1426 1155 eo
1446 1114 1685 1165 antiquis-

128 1186 267 1234 simo,
299 1183 367 1234 qui
398 1184 438 1222 et
469 1181 687 1232 compluria
713 1179 860 1231 scripta
885 1178 1015 1229 Sergii
1039 1176 1290 1223 Resainensis
1324 1176 1481 1227 aliaque
1512 1174 1691 1214 continet

131 1244 262 1296 prisea
286 1244 511 1282 litterarum
538 1241 791 1292 Syriacarum
822 1240 1079 1278 monumenta
1109 1238 1222 1277 velut
1246 1235 1424 1286 Philippi
1447 1233 1688 1274 Bardesanis

132 1303 319 1354 discipuli
342 1303 490 1342 librum
510 1302 557 1340 de
576 1301 735 1351 legibus
756 1299 975 1350 regionum,
1000 1297 1202 1336 Ambrosii
1220 1297 1554 1347 Hypomnemata,
1577 1294 1690 1334 Meli-

131 1364 238 1403 tonis
258 1363 306 1402 de
325 1362 496 1403 veritate
509 1361 656 1400 librum
676 1373 700 1399 a
713 1358 910 1399 Curetono
923 1358 963 1397 in
978 1356 1191 1408 Spicilegio
1206 1356 1368 1408 Syriaco
1383 1350 1529 1410 (Lond.
1545 1347 1691 1404 1855),

134 1423 356 1474 dialogum,
389 1421 454 1461 cui
477 1421 706 1460 inscribitur
731 1419 913 1458 Socrates
946 1418 1028 1457 sive
1061 1418 1109 1456 de
1140 1417 1288 1464 anima,
1320 1416 1576 1467 Pythagorae
1603 1426 1690 1453 sen-

133 1483 280 1522 tentias
313 1495 337 1521 a.
360 1481 559 1532 Lagardio
592 1481 634 1519 in
658 1478 863 1519 Analectis
895 1478 1019 1526 edita,
1052 1477 1140 1516 add.
1170 1478 1331 1527 14658,
1362 1475 1541 1515 editum
1575 1476 1636 1513 est
1668 1486 1692 1512 a

131 1542 317 1582 Landio
347 1542 427 1580 An.
454 1540 493 1580 S.
521 1542 616 1580 tom.
641 1540 662 1578 I
692 1553 729 1589 p.
758 1540 813 1579 64
834 1551 864 1577 s.
890 1550 919 1577 s.
968 1537 1151 1576 Alterum
1190 1537 1384 1576 insertum
1422 1537 1483 1574 est
1519 1534 1691 1573 libello

134 1602 447 1641 miscellaneo
471 1601 518 1639 in
545 1600 639 1640 cod.
665 1612 777 1638 mus.
803 1598 920 1637 Brit.
944 1597 1031 1636 add.
1061 1598 1204 1636 14614
1237 1591 1335 1650 (fol.
1364 1588 1691 1647 114a—117b)

135 1663 341 1702 servato.
392 1659 523 1700 Codex
549 1661 611 1699 est
642 1659 791 1699 saeculi
816 1658 955 1697 octavi.
1004 1657 1159 1696 Libello
1185 1656 1423 1706 inscriptum
1447 1656 1526 1694 est:
1559 1653 1693 1704 „Sen-

134 1721 324 1761 tentiae
351 1721 558 1759 selectae
583 1718 981 1769 philosophorum
1014 1717 1067 1763 de
1099 1716 1373 1755 rationibus
1400 1714 1693 1765 disciplinae

137 1776 372 1820 moralis.“
433 1779 614 1818 Titulum
647 1778 846 1828 excipiunt
883 1776 1103 1817 sententiae
1140 1789 1188 1815 ex
1217 1775 1397 1815 versione
1428 1774 1692 1814 Demoniceae

137 1840 326 1880 orationis
360 1839 554 1890 Sergiana
586 1841 801 1888 excerptae.
852 1836 1081 1887 Sequuntur
1110 1836 1177 1875 fol.
1208 1837 1324 1875 116a
1357 1835 1577 1874 sententiae
1610 1833 1692 1872 Μθ-

135 1900 286 1939 nandri.
325 1899 478 1946 Quibus
495 1898 791 1950 subiunguntur
803 1897 870 1936 fol.
888 1898 969 1936 117
980 1909 1004 1935 a.
1022 1896 1264 1935 incertorum
1279 1894 1527 1946 quorundam
1541 1894 1694 1944 sapien-

135 1960 236 1999 tium
260 1961 475 2010 praecepta
500 1972 524 1998 a
548 1957 798 1997 Menandreis
829 1969 899 2007 per
925 1957 1047 1996 verba
1072 1956 1318 2007 „sententiae
1344 1951 1607 2004 sapientium“
1635 1965 1694 1992 se·

138 2021 259 2059 creta.
309 2019 456 2070 Typis
484 2020 731 2057 exaratum
758 2016 921 2056 resectis
947 2017 1020 2066 eis,
1054 2029 1153 2067 quae
1179 2029 1226 2055 ex
1252 2015 1431 2055 oratione
1456 2014 1695 2053 Demonicea

139 2081 300 2130 sumpta
324 2080 429 2128 sunt,
454 2078 635 2117 libellum
661 2077 921 2117 Sachavius
947 2076 1106 2115 edidit
1130 2075 1160 2115 I.
1187 2075 1224 2114 S.
1250 2089 1288 2125 p.
1310 2076 1366 2115 80
1380 2087 1410 2114 s.
1430 2087 1460 2114 S.

254 2139 386 2189 Atque
405 2137 619 2177 Landius
639 2137 797 2188 quidem
818 2137 942 2187 prius,
968 2136 1072 2186 quod
1093 2135 1325 2186 significavi,
1347 2133 1587 2185 florilegium
1607 2145 1697 2172 cum

137 2199 288 2250 ederet,
321 2200 362 2237 et
390 2197 662 2238 versionem
687 2196 905 2236 Latinam
937 2195 1136 2246 integram
1162 2195 1307 2234 adiecit
1339 2197 1378 2234 et
1405 2194 1458 2233 de
1483 2193 1697 2233 auctori-

138 2260 238 2298 tate
264 2258 616 2297 sententiarum
635 2257 804 2296 istarum
823 2255 959 2307 paucis
986 2255 1274 2306 disputavit.
1319 2254 1398 2294 Sed
1415 2266 1546 2304 neque
1564 2253 1696 2293 versio

138 2318 282 2357 Latina
307 2317 406 2356 satis
432 2319 547 2356 caute
577 2318 649 2355 aut
673 2318 855 2356 accurate
880 2315 987 2355 facta
1012 2317 1073 2354 est
1103 2328 1233 2366 neque
1264 2315 1313 2354 de
1336 2314 1515 2365 ipsarum
1542 2315 1696 2352 senten-

142 2379 290 2417 tiarum
313 2377 459 2427 indole,
484 2376 647 2427 origine,
671 2389 747 2415 usu
765 2377 883 2426 plane
901 2388 1040 2414 verum
1059 2374 1218 2414 videtur
1242 2374 1342 2413 mihi
1366 2374 1428 2413 vir
1447 2373 1699 2413 doctissimus

141 2439 346 2477 assecutus
373 2448 468 2476 esse.
518 2435 698 2474 Primum
723 2435 1037 2475 coniunctionum
1065 2434 1337 2486 Syriacarum,
1363 2445 1462 2484 quas
1488 2433 1700 2471 accuratis-

144 2497 242 2536 sime
267 2496 444 2536 Landius
469 2496 648 2534 imitatus
674 2496 746 2546 est,
770 2495 881 2534 nulla
905 2495 1063 2534 omnino
1089 2497 1150 2534 est
1175 2494 1404 2533 auctoritas.
1449 2491 1554 2532 Cave
1579 2493 1697 2542 putes

140 2570 206 2608 ea,
238 2569 340 2607 quae
371 2555 420 2595 de
446 2555 614 2606 singulis
645 2555 752 2594 vitae
783 2554 1074 2594 condicionibus
1105 2555 1147 2593 in
1178 2553 1371 2603 florilegio
1398 2552 1560 2603 Syriaco
1594 2564 1699 2591 com-

138 2617 270 2667 posita
288 2619 329 2655 et
348 2614 686 2655 coniunctionibus
706 2614 819 2664 quasi
837 2613 879 2652 in
896 2616 1130 2665 perpetuam
1151 2613 1370 2652 orationem
1390 2612 1575 2661 copulata
1594 2612 1699 2659 sunt,

141 2677 298 2716 servato
330 2675 466 2714 ordine
498 2674 733 2724 exemplaris
760 2672 900 2712 Graeci
928 2673 1006 2724 ipsi
1039 2673 1234 2725 propositi
1259 2672 1472 2722 diligenter
1502 2671 1553 2711 ab
1578 2671 1700 2710 inter-

142 2738 254 2787 prete
279 2735 379 2786 Syro
404 2734 603 2774 translata
627 2746 723 2772 esse.
773 2732 951 2772 Plurima
975 2736 1080 2784 sunt,
1106 2745 1207 2783 quae
1233 2731 1497 2770 miserrimam
1522 2730 1700 2770 efficiant

145 2795 320 2834 eiusdem
345 2794 565 2834 sententiae
591 2786 1031 2872 iterationem⁸⁸⁰graut
1048 2793 1159 2832 nullo
1180 2790 1401 2830 sententiae
1425 2803 1520 2831 vero
1541 2790 1699 2830 vinculo

142 2847 508 2907 contineantur.⁸⁸¹)
552 2853 676 2892 Porro
696 2846 902 2892 diversae⁸
921 2846 960 2907 ⁹)
980 2854 1099 2903 atque
1119 2851 1240 2891 etiam
1260 2850 1366 2890 inter
1384 2862 1427 2891 se
1450 2851 1561 2890 totae
1582 2862 1700 2900 oppo-

142 2908 321 2968 sitae⁸⁸⁸)
347 2913 570 2954 sententiae
595 2913 831 2963 iunguntur,
862 2912 955 2962 quia
985 2914 1056 2951 aut
1086 2912 1135 2950 de
1168 2909 1305 2950 eadem
1338 2923 1381 2950 re
1406 2911 1500 2950 sunt
1530 2911 1602 2948 aut
1632 2908 1702 2947 ali-
