1820 3126
532 130 825 167 Lucubrationes
852 129 1135 175 Syro-Graecae.
1524 123 1610 166 427

53 248 128 287 tivi
152 238 454 298 vertuntur.⁴2⁸)
480 264 535 271 —
561 242 816 282 Adiectiva
840 241 1060 282 verbalia
1091 241 1133 279 in
1157 238 1254 280 τέο(
1286 238 1503 290 cessantia,
1534 237 1613 276 nisi

54 326 123 364 per
149 315 232 362 „021
256 312 327 350 aut
350 303 411 355 llo
431 309 718 360 exprimuntur,
731 307 963 358 imperfecto
976 299 1284 359 redduntur.4²9)
1300 325 1348 332 —
1363 301 1613 342 Infinitivi

56 378 125 429 qui
149 376 330 427 suspensi
355 377 449 415 sunt
473 388 497 414 a
520 373 731 425 particulis
755 369 833 421 ὡς,
859 368 983 421 ὥετε,
1010 368 1127 420 πρίν,
1154 383 1288 410 omnes
1313 371 1354 409 in
1377 369 1614 419 imperfecta

55 437 274 477 transeunt.
323 435 482 487 Reliqui
512 433 715 484 infinitivi,
753 432 794 471 in
825 432 968 482 quibus
1002 431 1152 481 aliquid
1183 432 1245 470 est
1277 428 1512 481 optationis,
1552 440 1614 466 ex-

57 495 321 548 spectationis,
348 493 653 545 consecutionis,
678 494 749 531 aut
774 491 925 531 directo
950 491 1251 530 transferuntur
1275 490 1347 529 aut
1370 487 1614 538 imperfectis

22 548 26 554 ¹
55 555 285 596 redduntur.
293 549 366 609 43⁰)
415 554 477 592 Ex
502 554 558 593 eis
583 552 810 602 infinitivis,
847 551 990 602 quibus
1016 551 1122 590 facta
1147 550 1419 598 declarantur,
1444 547 1616 598 primum

58 615 244 655 infinitivi
263 615 486 665 praesentis
506 612 723 653 enuntiatis
743 611 1010 651 nominalibus
1029 610 1093 650 vel
1106 609 1327 660 participiis
1347 607 1462 647 reddi
1475 607 1617 646 solent.

58 675 186 715 Multo
212 674 342 714 rarius
376 674 431 724 fit,
457 675 502 712 ut
520 671 763 723 imperfectis
783 672 848 711 vel
867 669 1088 721 participiis
1107 669 1253 708 iunctis
1274 681 1364 708 cum
1383 666 1616 718 imperfecto

58 740 170 781 verbi
196 729 287 788 1009
314 732 676 790 exprimantur.4⁸¹)
728 737 896 777 Aristot.
923 737 970 776 de
997 736 1131 775 mund.
1157 735 1205 774 A.
1233 734 1270 774 S.
1299 735 1402 786 151,
1424 735 1496 783 203
1522 732 1617 771 Luc.

57 806 105 845 de
130 806 202 845 cal.
227 805 256 845 I.
280 805 318 845 S.
341 807 406 856 10,
429 806 497 856 23,
523 804 590 844 ubi
614 804 664 842 ad
690 805 846 853 tempus
872 802 1133 853 praeteritum
1155 799 1376 851 respicitur,
1403 800 1617 856 vertuntur

56 877 273 928 participiis
310 890 400 916 cum
438 876 614 927 perfecto
645 875 757 915 verbi
786 864 876 922 1002
907 874 1064 913 iunctis.
1113 871 1307 911 Infinitivi
1337 884 1431 910 vero
1465 870 1618 920 aoristi,

0 952 2 954 ’
58 943 126 995 qui
164 943 241 982 huc
275 943 494 994 pertinent,
532 943 648 982 modo
686 934 1008 994 imperfectis432)
1040 938 1154 978 modo
1192 930 1494 988 participiis433)
1532 935 1620 974 red-

59 1003 218 1042 duntur.
267 1002 450 1053 Denique
487 1001 674 1041 infinitivi
711 1001 878 1053 perfecti
920 998 1144 1039 redduntur
1180 997 1369 1048 perfectis
1406 995 1530 1035 Arist.
1570 995 1619 1033 de

0 1067 2 1070 '
60 1062 193 1102 mund.
220 1063 266 1101 A.
288 1062 325 1101 S.
350 1063 445 1114 151,
466 1063 540 1112 233
565 1061 687 1101 Isocr.
714 1061 766 1099 ad
790 1061 902 1100 Dem.
922 1060 970 1099 A.
990 1059 1028 1098 S.
1051 1059 1147 1106 176,
1169 1058 1213 1106 23
1238 1056 1333 1095 Luc.
1360 1056 1409 1094 de
1434 1055 1507 1095 cal.
1527 1055 1558 1094 Ι.
1580 1054 1619 1093 S.

62 1123 100 1172 3,
124 1124 168 1173 13
194 1122 387 1161 Themist.
411 1122 459 1161 de
485 1122 598 1160 amic.
622 1121 653 1160 Ι.
675 1121 711 1160 S.
734 1121 801 1171 59,
824 1122 861 1171 1,
886 1119 1105 1170 participiis
1131 1117 1254 1156 Arist.
1280 1117 1329 1155 de
1353 1115 1487 1154 mund.
1510 1115 1559 1153 A.
1581 1114 1621 1153 S.

63 1182 158 1232 139,
181 1183 254 1232 233
283 1182 378 1232 157,
400 1183 473 1234 293
500 1181 607 1220 Plut.
634 1181 682 1220 de
707 1180 834 1220 cohib.
858 1181 904 1219 ir.
928 1179 975 1218 A.
997 1178 1037 1218 S.
1059 1178 1155 1227 187,
1178 1178 1214 1215 7.
1245 1197 1294 1203 -
1323 1175 1476 1226 Restat,
1501 1176 1548 1213 ut
1572 1175 1620 1213 de

60 1241 389 1291 interpretatione
425 1240 797 1291 participiorum
831 1239 1072 1279 Graecorum
1104 1237 1244 1276 dicam.
1294 1234 1415 1275 Cuius
1453 1235 1495 1273 in
1532 1234 1621 1273 uni-

63 1314 222 1341 versum
242 1303 414 1351 quatuor
434 1302 528 1339 sunt
546 1300 735 1340 rationes.
776 1300 950 1339 Possunt
973 1298 1078 1338 enim
1103 1297 1215 1336 reddi
1239 1295 1451 1346 participia
1471 1294 1623 1334 Graeca

0 1418 2 1420 v
66 1369 137 1406 aut
160 1366 377 1405 enuntiatis
403 1366 711 1416 temporalibus,
738 1378 839 1416 quae
864 1378 887 1404 a
912 1371 964 1424 ρ
990 1362 1187 1414 particula
1210 1361 1417 1411 incipiunt,
1442 1362 1513 1399 aut
1538 1373 1623 1399 sen-

62 1438 200 1478 tentiis
226 1437 405 1477 relativis
437 1439 507 1476 aut
531 1436 741 1476 sententiis
766 1437 885 1476 rectis
918 1436 1091 1476 cuiusvis
1123 1435 1225 1473 alius
1251 1432 1409 1485 generis
1443 1433 1513 1471 a-ut
1539 1444 1622 1470 sen-

0 1497 5 1516 ³
62 1504 199 1543 tentiis
219 1503 358 1553 primis
377 1515 467 1542 cum
486 1501 676 1553 proximis
695 1515 766 1552 per
788 1510 831 1554 0,
857 1511 925 1567 (2,
946 1509 1060 1571 Ν,
1089 1500 1186 1539 alias
1201 1497 1495 1539 coniunctiones
1509 1510 1625 1548 copu-

0 1634 3 1637 -
63 1581 167 1619 latis.
216 1580 351 1631 Atque
383 1581 425 1619 in
456 1580 686 1619 universum
724 1579 883 1630 quidem
914 1578 963 1617 de
993 1577 1294 1628 participiorum
1325 1574 1546 1626 praesentis
1585 1575 1626 1613 et

64 1640 202 1680 aoristi
221 1640 550 1690 interpretatione
569 1640 666 1678 haec
686 1640 771 1678 fere
791 1637 915 1678 statui
934 1639 1111 1689 possunt.
1156 1636 1372 1687 Participia
1391 1633 1626 1686 praesentis,

68 1706 103 1746 si
133 1705 355 1745 redduntur
392 1719 463 1756 per
494 1705 701 1745 enuntiata
731 1703 968 1755 temporalia
1005 1716 1028 1742 a
1058 1703 1258 1754 particula
1295 1709 1348 1761 ρ
1385 1699 1626 1751 incipientia,

40 1808 42 1811 ,
68 1778 285 1817 enuntiatis
304 1776 570 1816 nominalibus
595 1777 660 1815 vel
678 1775 911 1827 participiis,
937 1787 1025 1814 cum
1052 1775 1099 1813 de
1124 1787 1166 1813 re
1191 1775 1403 1824 praesente
1428 1772 1493 1813 vel
1512 1783 1626 1822 prae·

66 1836 199 1887 tei-ita,
222 1837 465 1887 imperfectis
487 1836 775 1887 exprimuntur,
799 1848 887 1874 cum
907 1835 955 1874 de
974 1847 1017 1873 re
1037 1835 1175 1874 futura
1200 1827 1429 1886 agitur.434.‘)
1479 1831 1629 1871 Contra

66 1896 275 1947 participia
305 1896 460 1945 aoristi,
492 1896 527 1935 si
557 1897 767 1934 transeunt
798 1895 840 1933 in
871 1894 1079 1934 enuntiata
1110 1893 1347 1943 temporalia
1380 1905 1404 1931 a
1428 1891 1628 1942 particula

67 1970 119 2023 ρ
143 1961 384 2013 incipientia,
409 1961 597 2012 perfectis
619 1959 852 2009 redduntur,
878 1973 967 2000 cum
988 1960 1036 1999 de
1055 1973 1098 1998 re
1118 1959 1346 2009 praeterita,
1371 1956 1628 2008 imperfectis,

0 2037 4 2094 ’μ
67 2045 155 2072 cum
186 2033 232 2071 de
264 2045 308 2072 re
338 2035 547 2083 praesente
578 2033 644 2072 vel
674 2032 812 2072 futura
844 2033 995 2083 agitur,
1027 2031 1062 2071 si
1094 2032 1304 2070 transeunt
1335 2031 1377 2069 in
1409 2030 1628 2070 sententias

0 2099 6 2123 ²
68 2104 371 2155 condicionales,
409 2117 510 2155 quae
548 2104 598 2143 ab
636 2093 708 2162 xl,
745 2103 809 2143 vel
841 2102 1098 2154 temporales,
1137 2114 1239 2153 quae
1271 2113 1295 2139 a
1329 2090 1386 2149 ln
1422 2090 1629 2150 incipiunt,

2 2203 3 2206 =
69 2189 222 2227 semper
248 2176 490 2226 imperfectis
516 2175 803 2225 exprimuntur.
848 2173 1062 2224 Ceteroqui
1087 2172 1298 2222 participia
1316 2171 1540 2222 praesentis
1568 2184 1630 2210 ex-

7 2278 10 2279 .
68 2236 185 2288 primi
217 2236 346 2275 solent
375 2248 445 2285 per
471 2235 677 2274 enuntiata
702 2234 918 2274 nominalia
950 2235 1020 2272 aut
1049 2245 1121 2282 per
1153 2231 1380 2282 participia,
1420 2231 1631 2282 participia

0 2331 4 2337 ,
70 2296 208 2336 aoristi
238 2308 310 2346 per
334 2295 523 2345 perfecta.
573 2294 723 2333 Verum
750 2307 794 2333 eo
820 2306 884 2332 res
917 2292 1163 2343 implicatur,
1196 2292 1301 2342 quod
1334 2291 1565 2342 saepissime
1591 2293 1631 2330 et

2 2372 7 2398 ἢ
71 2358 250 2407 tempora
282 2354 568 2394 sententiarum
599 2357 799 2393 rectarum
832 2353 882 2392 ad
912 2355 1092 2402 tempora
1122 2351 1342 2401 primarum
1379 2354 1419 2390 et
1449 2353 1632 2400 tempora

6 2414 18 2420 “’
72 2414 358 2455 sententiarum
388 2414 607 2464 primarum
638 2414 687 2452 ad
719 2415 902 2463 tempora
934 2413 1124 2460 aliarum,
1157 2423 1259 2462 quae
1290 2410 1470 2461 proxima
1499 2411 1632 2461 posita

7 2506 10 2507 γ
73 2477 182 2526 sunt,
219 2474 506 2513 sententiarum
538 2473 757 2522 primarum
793 2485 835 2512 se
869 2465 1161 2524 applicant.4³⁵)
1211 2470 1428 2520 Participia
1465 2469 1631 2520 perfecti

6 2541 10 2565 -’
72 2534 304 2585 plerumque
324 2533 600 2584 exprimuntur
617 2532 819 2583 perfectis,
845 2532 878 2570 si
902 2532 942 2570 in
962 2531 1181 2570 sententias
1201 2529 1390 2569 relativas
1398 2523 1484 2583 43⁶),
1509 2529 1632 2579 parti-

73 2593 197 2644 cipiis,
223 2593 257 2632 si
282 2593 323 2631 in
348 2592 447 2632 alias
474 2591 693 2631 sententias
718 2585 941 2643 reotas4³⁷),
966 2590 1164 2642 perfectis,
1193 2590 1225 2627 si
1250 2589 1292 2627 in
1314 2589 1531 2628 sententias
1551 2589 1631 2639 pri-

75 2646 258 2706 mas438),
284 2654 504 2691 transeunt.
553 2651 733 2701 Denique
757 2650 938 2690 redditur
962 2649 1217 2701 participium
1242 2648 1410 2698 perfecti
1436 2648 1558 2688 Arist.
1585 2649 1632 2687 de

16 2735 17 2738 =
74 2711 205 2751 mund.
229 2711 278 2751 A.
305 2711 344 2752 S.
372 2713 474 2762 156,
502 2713 525 2751 5
554 2711 746 2761 perfect0,
778 2710 871 2750 Luc.
897 2711 946 2749 de
972 2710 1045 2749 cal.
1069 2709 1101 2747 Ι.
1127 2709 1163 2747 S.
1192 2709 1236 2755 3,
1265 2709 1317 2746 16
1351 2707 1560 2757 participio
1593 2711 1634 2746 et

77 2783 252 2833 perfecto
283 2783 394 2826 verbi
426 2772 539 2832 5002,
573 2782 763 2821 Themist.
787 2782 836 2820 de
862 2782 974 2821 amic.
999 2780 1031 2819 1.
1057 2779 1094 2818 s
1122 2780 1190 2830 64,
1212 2779 1265 2818 23
1292 2779 1398 2817 nudo
1423 2778 1634 2829 participio

18 2891 19 2894 ,
77 2854 277 2904 suspensis
303 2867 327 2893 a
350 2854 549 2905 particula
573 2861 643 2914 ρ.
686 2852 945 2903 Participium
972 2851 1098 2890 futuri
1124 2850 1360 2900 exprimitur
1383 2862 1454 2900 per
1478 2851 1632 2888 senten-

76 2924 172 2965 tiam
189 2927 350 2977 rectam,
376 2925 489 2965 cuius
513 2924 682 2966 verbum
699 2923 739 2962 in
759 2923 993 2974 imperfecto
1012 2923 1188 2972 positum
1208 2923 1269 2960 est
1287 2920 1411 2960 Arist.
1431 2921 1479 2959 de
1498 2920 1631 2958 mund.
