1820 3126
229 147 314 189 480
837 147 879 185 Δ.
905 148 1143 185 Baumstark:

230 259 336 297 valet
369 258 416 296 ad
448 260 604 296 ventum
638 258 894 298 cohibendum
926 260 982 299 ita
1011 272 1059 298 ne
1090 259 1139 298 ad
1164 271 1295 298 senem
1320 259 1476 309 quidem
1502 261 1757 300 cohibendum

231 319 271 354 et
295 316 519 355 docendum.
522 313 543 334 “

347 374 456 414 conf.
482 375 583 414 Men.
607 375 681 425 frg.
703 376 804 426 5093
829 376 991 415 Philem.
1016 376 1090 426 frg.
1116 378 1213 427 1473
1238 377 1403 418 Monost.
1426 379 1518 418 104.

348 434 415 472 47.
446 434 585 485 „Viam
616 446 708 473 cave
739 435 935 484 relinquas
968 437 1008 473 et
1037 435 1077 473 iu
1103 448 1232 474 errore
1257 448 1349 475 cave
1374 437 1527 495 incedas
1555 437 1595 474 et
1618 434 1667 473 ad
1692 435 1758 474 do-

231 505 336 530 mum
363 493 503 530 malam
531 487 605 544 (=
626 493 780 531 domum
806 489 1040 545 meretricis)
1065 506 1158 532 cave
1183 491 1283 534 eas.“

348 550 479 589 Verba
504 554 615 589 erant
632 551 756 600 patris
775 554 846 590 aut
864 551 1084 602 paedagogi
1103 552 1385 592 adolescentem
1404 553 1607 592 hortantis.
1647 551 1757 590 Conf.

234 609 360 646 Plaut.
388 609 493 647 Trin.
515 611 596 648 276
617 621 646 648 s.
667 622 715 659 s.;
739 609 920 648 Bacchid.
945 623 980 649 v.
1003 612 1083 649 109
1105 623 1133 648 s.
1156 623 1184 649 s.

346 668 414 706 48.
438 667 553 718 „Noli
571 667 732 718 litigari,
751 681 799 706 ne
812 669 862 707 lis
876 668 1035 714 oriatur,
1056 681 1155 718 quae
1170 671 1207 707 te
1221 669 1271 708 ad
1283 671 1556 719 paupertatem
1570 665 1758 718 redigat.“

347 727 413 765 49.
445 725 511 776 „Si
534 726 656 764 fueris
680 726 967 777 fraudulentus,
993 726 1127 764 statim
1151 727 1444 767 contemneris.“

351 786 418 823 50.
449 782 561 834 „[Et]
589 784 622 822 si
647 785 907 823 calumniatus
932 785 1020 834 eris,
1045 787 1258 823 macrescet
1281 786 1415 825 vultus
1440 783 1567 825 tuus.“

350 845 416 882 51.
448 841 512 891 „Si
536 843 730 892 gloriosus
754 843 887 891 fueris,
912 843 983 881 tibi
1008 843 1091 892 ipse
1116 843 1299 881 iniuriam
1323 842 1476 882 facies.“

353 902 421 940 52.
451 900 516 951 „Si
547 901 772 939 recubueris
797 902 900 939 inter
924 901 1087 951 multos,
1117 914 1165 940 ne
1191 901 1352 941 solveris
1378 914 1507 940 coram
1533 902 1587 940 eis
1611 914 1759 940 marsu-

232 960 338 1008 pium
370 972 467 998 neve
490 959 539 998 iis
563 959 780 998 ostenderis
804 959 861 1009 id,
894 960 996 1009 quod
1021 962 1151 998 tecum
1176 960 1312 1007 habes,
1344 973 1392 998 ne
1418 973 1442 998 a
1465 962 1505 999 te
1530 963 1760 999 mutuentur

233 1020 273 1055 et
303 1030 380 1056 non
410 1017 576 1056 reddant
606 1020 662 1067 et,
693 1030 782 1056 cum
811 1018 1058 1067 repetiveris,
1088 1020 1218 1056 tecum
1249 1018 1449 1068 disputent
1480 1021 1520 1057 et
1550 1020 1589 1057 te
1617 1019 1760 1057 durum

232 1071 307 1128 (=
323 1073 490 1128 πικρόν)
506 1077 705 1126 appellent
724 1079 764 1115 et
783 1077 853 1114 tua
870 1076 1008 1125 perdas
1028 1078 1070 1114 et
1080 1079 1285 1126 praeterea
1296 1090 1366 1126 pro
1379 1077 1531 1115 inimico
1546 1076 1763 1115 habearis.“-

350 1137 415 1174 53.
447 1135 630 1186 „Fratres
656 1138 745 1173 tuos
771 1147 859 1173 ama
882 1137 922 1173 et
940 1134 1084 1178 amicos
1103 1138 1190 1174 tuos
1210 1135 1381 1184 pulchris
1402 1135 1643 1174 sermonibus
1662 1131 1760 1174 adi.“

350 1192 458 1232 Conf.
484 1193 585 1231 Men.
610 1193 684 1243 frg.
705 1194 801 1232 809.

351 1253 417 1289 54.
449 1249 608 1301 „[Quia]
641 1251 965 1290 circumambulas
998 1246 1073 1303 (=
1094 1251 1269 1301 quamvis
1300 1252 1436 1300 procul
1466 1264 1531 1290 eas
1562 1252 1611 1290 ad
1643 1263 1761 1301 quae-

233 1307 416 1363 rendum)
455 1312 494 1348 et
529 1310 684 1359 quaeris
722 1310 888 1359 aliquid,
925 1311 1027 1359 quod
1065 1310 1254 1348 bonorum
1285 1310 1453 1348 fratrum
1484 1309 1611 1348 simile
1641 1310 1693 1348 sit
1722 1312 1763 1348 et

234 1382 311 1406 non
335 1365 522 1406 invenis.“

354 1428 420 1466 55.
451 1426 584 1477 „Filiis
614 1426 695 1465 tuis
726 1428 839 1476 pater
866 1425 1035 1476 gaudet“
1061 1422 1135 1480 (=
1161 1429 1204 1465 tu
1230 1427 1285 1465 eis
1310 1420 1479 1479 gaudes)
1501 1447 1559 1453 —
1582 1426 1762 1474 „Scilicet

234 1485 377 1535 gaudio
403 1487 504 1523 sunt.
546 1484 693 1523 Verum
717 1486 883 1523 fratrum
907 1485 1032 1523 instar
1055 1485 1151 1523 mihi
1173 1497 1250 1524 non
1276 1488 1367 1524 sunt
1391 1485 1556 1523 fratrum
1583 1482 1686 1524 filii.“
1705 1505 1763 1511 -—

238 1543 408 1593 „Verum
438 1543 545 1582 filius
575 1545 668 1582 tuus
698 1556 770 1593 pro
800 1546 926 1582 morte
949 1546 1020 1582 tua
1043 1546 1242 1593 precatur,
1272 1544 1376 1593 quod
1401 1556 1421 1582 e
1445 1546 1570 1582 morte
1594 1545 1664 1582 tua
1687 1542 1763 1593 ipsi

235 1603 359 1642 honor
394 1603 548 1641 eveniet
579 1604 620 1640 et
649 1602 689 1640 in
713 1603 797 1641 loco
823 1605 890 1641 tuo
915 1602 1103 1641 consistet
1128 1604 1168 1641 et
1190 1614 1260 1652 pro
1286 1602 1480 1640 arbitratu
1507 1614 1576 1640 suo
1601 1602 1763 1650 pecunia

234 1663 307 1699 tua
330 1663 479 1709 utetur,
504 1663 545 1698 et
568 1661 711 1699 fratres
731 1661 791 1699 tui
808 1673 879 1710 pro
898 1661 983 1700 vita
1000 1663 1070 1698 tua
1089 1661 1204 1699 deum
1222 1663 1443 1710 precantur,
1467 1660 1559 1710 quia
1577 1659 1761 1710 quamdiu

235 1720 347 1769 vivis,
376 1719 451 1768 ipsi
475 1719 716 1757 honorantur
741 1721 782 1758 et
807 1722 934 1758 morte
958 1722 1028 1757 tua
1052 1719 1277 1769 affligentur
1302 1713 1376 1772 (=
1396 1731 1483 1757 cum
1507 1719 1650 1757 fratres
1674 1731 1763 1767 pre-

240 1773 397 1829 cantur)
425 1781 465 1816 et
488 1777 557 1816 filii
583 1778 643 1816 tui
667 1790 871 1827 perversos
897 1778 1098 1827 appellant
1121 1778 1264 1816 fratres
1289 1774 1413 1816 tuos.“

353 1835 460 1874 Conf.
493 1836 647 1875 Terent.
679 1836 820 1886 Hecyr.
845 1849 879 1875 v.
907 1837 1007 1886 5953
1044 1836 1210 1886 Adelph.
1236 1849 1270 1875 v.
1291 1837 1393 1886 8743
1429 1835 1550 1874 Naev.
1579 1835 1654 1886 frg.
1680 1835 1764 1873 Tri-

237 1895 372 1933 baceli.
402 1914 451 1921 —
479 1894 654 1933 Duorum
680 1895 847 1933 fratrum
872 1894 1015 1932 alterni
1039 1906 1235 1932 sermones
1261 1897 1371 1943 sunt,
1397 1893 1542 1944 divitis,
1568 1893 1601 1932 si
1625 1905 1763 1932 verum

236 1953 369 2003 video,
395 1956 435 1991 et
459 1953 653 2002 pauperis.
702 1953 854 2002 Pauper
879 1953 1038 1991 divitem
1062 1954 1224 1991 fratrem
1249 1953 1333 1990 adit
1356 1952 1559 2001 pecuniam
1584 1955 1761 1990 mutuam

237 2013 287 2051 ab
317 2024 363 2051 eo
395 2015 588 2061 precatus.
636 2011 710 2050 Hic
741 2012 922 2050 daturum
954 2023 996 2049 se
1027 2023 1111 2050 esse
1136 2013 1266 2060 negat.
1314 2010 1387 2049 Ille
1412 2011 1539 2049 acrius
1563 2011 1688 2049 instat
1712 2013 1764 2059 et,

239 2071 271 2108 si
297 2083 368 2109 sua
391 2070 522 2120 gratia
547 2070 640 2108 dare
664 2070 780 2120 nolit,
805 2070 1019 2108 liberorum
1043 2082 1201 2108 suorum
1226 2069 1359 2119 gratia
1383 2070 1467 2119 det,
1496 2071 1695 2119 precatur,
1721 2071 1765 2106 ut

239 2129 306 2178 qui
330 2128 413 2178 ipse
437 2128 530 2167 filiis
555 2129 635 2167 suis
660 2129 842 2178 gaudeat.
885 2128 960 2166 Hic
984 2128 1129 2166 habere
1148 2140 1190 2167 se
1209 2127 1428 2177 respondet,
1453 2127 1557 2177 quod
1574 2127 1664 2165 filiis
1684 2126 1764 2165 suis

237 2187 425 2237 gaudeat,
463 2187 566 2237 quod
602 2187 733 2225 fratris
766 2186 936 2225 filiorum
967 2187 1214 2235 misereatur,
1248 2198 1325 2227 non
1358 2198 1452 2224 esse.
1503 2185 1586 2224 Iam
1617 2197 1765 2235 pauper

236 2245 352 2284 fratri
381 2245 578 2295 enuntiat,
612 2246 804 2296 quomodo
829 2258 853 2283 a
877 2244 986 2294 filiis,
1019 2257 1115 2295 quos
1140 2244 1241 2283 tanti
1266 2244 1462 2292 aestimet,
1490 2244 1694 2291 illudatur,
1721 2244 1766 2281 ut

239 2304 306 2355 qui
330 2307 496 2342 mortem
520 2304 643 2353 patris
668 2306 862 2353 exoptent.

355 2364 420 2401 56.
445 2362 614 2413 „Verum
640 2361 741 2400 filius
766 2361 892 2400 malus
919 2364 959 2400 et
982 2361 1127 2399 stultus
1154 2362 1247 2399 haec
1271 2361 1428 2412 cogitat,
1455 2359 1618 2398 malain
1635 2361 1764 2398 mente
1787 2373 1792 2377 ³

239 2420 324 2459 eius
355 2421 403 2459 de
433 2421 556 2471 patris
586 2423 711 2460 morte
737 2421 865 2470 opinio
890 2420 1027 2458 haeret
1051 2423 1092 2458 et
1114 2420 1272 2469 ignorat
1295 2419 1398 2457 filius
1423 2419 1565 2466 malus,
1595 2418 1627 2456 si
1652 2421 1765 2467 pater

238 2481 413 2518 mortuus
446 2479 514 2530 sit,
544 2478 645 2517 filios
675 2479 774 2517 bene
803 2491 882 2516 non
914 2478 1118 2517 habituros
1150 2490 1249 2527 esse,
1289 2478 1390 2528 quod
1415 2478 1471 2516 eis
1496 2489 1574 2515 non
1599 2477 1666 2524 sit,
1698 2476 1764 2514 ubi

238 2542 323 2576 tum
348 2529 478 2588 capita
501 2537 714 2588 reponant}
704 2535 724 2555 ‘⁴
1090 2549 1094 2554 ·

414 2596 578 2646 .„Ama
601 2597 754 2646 patrem
780 2597 891 2633 tuum
916 2597 956 2634 et
981 2595 1138 2646 honora,
1164 2595 1255 2645 quia
1278 2594 1352 2633 tibi
1376 2606 1418 2633 se
1442 2594 1567 2643 ipsum
1593 2593 1702 2632 dedit
1726 2595 1766 2631 et

238 2667 335 2694 neve
360 2655 504 2694 amicos
528 2656 618 2694 tuos
643 2654 920 2704 contempseris
945 2667 1043 2693 neve
1068 2666 1146 2702 eos,
1170 2654 1238 2703 qui
1261 2655 1300 2692 te
1329 2653 1630 2700 honoraverunt,
1655 2652 1764 2702 igno-

240 2713 359 2751 minia
384 2710 593 2752 affeceris.“

355 2773 421 2810 58.
453 2769 565 2822 ,‚[Et]
580 2771 628 2822 ei,
640 2772 708 2821 qui
721 2783 860 2821 panem
874 2772 1002 2810 tecum
1018 2771 1098 2810 edit
1111 2766 1186 2823 (===
1194 2764 1370 2822 hospiti),
1389 2782 1437 2808 ne
1453 2769 1660 2808 insidiatus
1674 2765 1764 2808 sis.“

357 2829 465 2869 Conf.
492 2831 655 2869 Monost.
677 2831 772 2878 390,
799 2830 893 2868 397.
1435 2852 1438 2854 v

357 2890 422 2928 59.
453 2887 640 2939 „Quando
673 2888 838 2927 amicum
866 2890 978 2926 tuum
1003 2887 1100 2937 adis,
1128 2900 1221 2927 num
1246 2887 1391 2926 amicus
1416 2888 1509 2926 tuus
1533 2888 1573 2925 te
1598 2888 1703 2925 amet
1726 2887 1766 2925 et
