1820 3126
521 153 815 191 Lucubrationes
841 151 1126 199 Syro-Graecae.
1517 151 1605 194 405

48 270 208 321 accepit.
259 267 371 314 Quod
397 267 501 306 enim
527 267 681 307 Oderus
690 261 760 319 ²⁶¹)
794 266 996 306 contendit
1021 265 1272 316 Diophanem
1296 250 1442 316 'spreta
1469 278 1604 316 super-

47 330 207 371 stitione
230 327 480 367 Democritea
511 327 582 366 illa
612 327 771 366 tantum
802 327 850 365 de
881 338 924 364 re
955 325 1107 364 rustica
1131 327 1343 376 praecepta
1374 325 1600 378 tradidisse,

50 402 150 442 quae
168 389 319 428 ratione
345 388 385 426 et
405 387 648 437 experientia
668 386 1032 437 comprobarentur,
1059 397 1105 424 ea
1124 397 1316 436 perquam
1334 385 1485 424 lubrica
1510 397 1601 424 con-

45 450 196 489 iectura
217 447 387 487 hominis
413 446 519 485 docti
544 449 623 495 est,
654 458 754 497 quae
786 445 828 484 in
855 457 1008 484 summa
1039 445 1357 496 fragmentorum
1382 445 1600 494 Diophanis

44 501 284 560 penuria¹⁶²)
317 518 443 557 neque
474 506 635 556 probari
660 507 794 556 potest
824 517 951 556 neque
982 506 1090 544 certo
1122 504 1301 543 refutari.
1332 525 1382 530 —
1411 503 1468 543 Ut
1494 516 1599 543 sum-

44 580 148 608 mam
180 566 458 617 disputationis
490 566 745 616 complectar,
785 564 1044 604 Anatolius
1083 565 1130 603 in
1161 564 1508 603 conscribendo
1547 564 1601 603 de

44 626 356 680 generatione
382 627 428 665 et
451 626 686 665 medicina
711 624 989 664 animalium
1013 623 1141 663 libro
1162 623 1276 663 duos
1296 624 1600 674 potissimum

43 687 200 726 fontes
232 685 513 736 compilavit
544 685 748 736 Apsyrti
781 685 834 723 de
866 684 1101 723 medicina
1131 683 1432 723 veterin‘aria
1462 695 1599 734 prae-

41 749 178 798 cepta
203 747 249 786 et
273 747 435 785 costos
463 744 597 784 Sexti
621 744 739 783 Iulii
763 744 993 783 Africani.

158 817 286 857 Multo
311 816 442 855 minus
468 817 520 855 de
547 816 830 856 auctoribus
858 816 1132 866 eclogarum
1161 827 1209 854 ex
1234 815 1408 865 epitoma
1436 814 1601 866 Syriaca

43 879 84 917 et
107 877 287 917 versione
313 876 462 929 Kostae
488 875 669 915 efficitur.
729 875 835 914 Illud
860 877 1018 915 tantum
1044 875 1216 914 maxima
1239 887 1327 914 cum
1354 875 1483 925 specie
1508 888 1600 925 pro-

42 937 260 976 babilitatis
286 936 479 976 affirmari
502 937 638 987 potest
662 935 914 986 Africanum,
950 948 1068 985 quem
1092 935 1134 974 in
1157 935 1287 985 priore
1314 934 1414 974 libro
1439 935 1600 985 potissi-

38 1009 147 1036 mum
177 1000 380 1036 auctorem
413 997 573 1046 praeter
604 996 828 1047 Apsyrtum
866 994 1091 1044 habuisset,
1130 994 1250 1034 etiam
1284 994 1325 1033 in
1364 994 1510 1045 eclogis
1549 995 1597 1034 ab

0 1077 13 1091 ε
40 1055 226 1096 Anatolio
251 1055 380 1106 magis
407 1056 662 1106 compilatum
690 1068 793 1106 esse,
825 1068 943 1106 quam
977 1068 1026 1094 ex
1049 1054 1183 1094 ieiuna
1207 1056 1415 1094 auctorum
1441 1066 1598 1094 enume-

40 1116 206 1167 ratione,
244 1128 363 1167 quam
388 1115 554 1155 Photius
581 1115 826 1167 suppeditat,
858 1115 976 1154 facile
1006 1117 1165 1165 poterat
1190 1114 1336 1165 colligi.
1386 1114 1599 1154 Praeterea

41 1188 143 1215 nova
167 1175 301 1227 aliqua
325 1175 498 1215 Sotionis
524 1175 750 1227 fragmenta
773 1175 905 1215 versio
924 1174 1100 1214 Arabica
1124 1174 1294 1213 exhibet.
1341 1174 1418 1213 Sed
1444 1174 1492 1213 de
1516 1174 1597 1214 illis

6 1236 9 1237 ⁷
42 1235 244 1286 disputare
268 1236 434 1287 longum
459 1237 555 1275 erat.

154 1307 293 1357 Neque
319 1306 424 1346 enim
449 1307 498 1346 ad
523 1306 647 1346 libros
667 1306 846 1346 Anatolii
870 1318 892 1344 e
911 1305 1146 1356 fragmentis
1166 1305 1359 1345 versionis
1380 1305 1597 1357 Sergianae

34 1365 265 1407 reficiendos
298 1368 339 1406 et
368 1366 599 1406 iudicandos
630 1366 706 1405 nisi
738 1366 951 1416 quaedam,
988 1366 1032 1404 ut
1059 1364 1114 1404 sic
1138 1364 1323 1415 dixerim,
1355 1365 1597 1405 lineamenta

0 1426 304 1477 rinquisitionis
343 1439 561 1476 proponere
599 1426 793 1466 volebam.
855 1426 915 1465 Ea
951 1424 1120 1475 singulis
1159 1425 1394 1464 examinatis
1432 1426 1596 1477 probari

0 1512 3 1524 ,-
34 1487 130 1526 tunc
159 1487 320 1537 tempus
353 1485 448 1537 erit,
481 1499 569 1525 cum
599 1486 806 1536 parabitur
836 1485 994 1536 integra
1023 1485 1340 1536 fragmentorum
1365 1485 1544 1525 Anatolii
1575 1499 1596 1525 e

37 1544 269 1596 Geoponicis
295 1545 467 1597 Graecis,
494 1547 668 1596 epitoma
693 1545 868 1596 Syriaca,
893 1545 1076 1585 versione
1102 1545 1264 1597 Kostae‚
1291 1545 1404 1584 libris
1425 1545 1596 1585 Palladii

2 1652 3 1655 Ἴ
37 1607 314 1658 congestorum
339 1605 471 1645 editio.
517 1606 656 1645 Parari
681 1607 815 1645 autem
841 1617 930 1644 eam
951 1604 1165 1644 editionem
1185 1617 1284 1655 opus
1304 1607 1376 1657 est,
1401 1618 1450 1644 ne
1470 1618 1595 1656 usque

33 1665 75 1704 in
104 1665 174 1705 illo
205 1665 431 1705 litterarum
464 1666 718 1717 antiquarum
748 1678 911 1716 genere,
942 1666 984 1703 in
1015 1677 1091 1716 quo
1117 1666 1162 1703 ut
1188 1664 1427 1704 solidissimo
1452 1666 1594 1705 funda-

33 1726 166 1765 mento
204 1725 390 1765 scientiae
427 1725 553 1764 adniti
589 1726 804 1777 possimus,
843 1724 1035 1775 singulari
1073 1725 1256 1764 ubertate
1293 1726 1506 1765 memoriae
1538 1725 1593 1774 fit,

33 1797 247 1835 puerorum
271 1786 398 1825 instar
422 1798 638 1838 versemur,
664 1785 732 1837 qui
755 1785 797 1823 in
820 1785 997 1824 tenebris
1022 1786 1167 1824 errant.

35 1978 72 2016 3.
109 1979 174 2016 De
204 1978 489 2016 versionibus
519 1977 820 2025 philosophici
851 1978 1110 2024 argumenti
1134 1978 1230 2015 sine
1254 1978 1435 2015 nomine
1460 1979 1594 2016 inter-

116 2050 255 2098 pretis
285 2050 490 2096 servatis,
522 2059 639 2096 quae
671 2050 824 2097 Sergio
856 2050 1068 2087 videntur
1098 2050 1368 2087 tribuendae
1399 2060 1510 2089 esse.

33 2155 81 2196 A.
106 2155 142 2194 S.
167 2168 233 2206 pg.
257 2156 340 2194 134
361 2167 391 2195 s.
411 2168 458 2207 s.;
500 2157 581 2195 167
604 2167 633 2194 s.
654 2167 685 2195 s.
721 2155 752 2194 I.
779 2154 816 2194 S.
843 2167 908 2206 pg.
932 2157 952 2194 1
977 2167 1006 2194 s.
1027 2167 1057 2194 s.
1096 2153 1142 2193 G.
1167 2154 1402 2194 Hoffmanni
1428 2168 1594 2196 censura

118 2215 358 2254 ineditorum
397 2214 648 2266 Syriacorum
686 2214 869 2254 Sachavii
906 2215 945 2253 in
983 2213 1260 2264 Gottingische
1294 2215 1478 2266 gelehrte
1510 2215 1591 2255 An-

118 2275 252 2325 zeigen
283 2276 402 2314 unter
435 2275 505 2314 der
532 2274 720 2314 Aufsicht
745 2275 815 2313 der
840 2274 997 2326 Konigl.
1025 2273 1293 2314 Gesellschaft
1318 2275 1389 2314 der
1414 2275 1591 2316 Wissen-

121 2334 311 2374 schaften.
353 2335 476 2373 1871.
517 2334 638 2373 Stfick
659 2336 726 2374 31.
776 2324 885 2374 Uber
922 2335 998 2373 den
1022 2333 1328 2374 textkritischen
1354 2334 1497 2374 Werth
1522 2336 1593 2376 der

58 2408 60 2411 ·
121 2393 333 2444 Syrischen
346 2383 673 2445 Ubersetzungen
687 2393 962 2433 Griechischer
974 2393 1182 2434 Klassiker
1195 2407 1272 2434 von
1281 2394 1421 2435 Victor
1435 2396 1591 2446 Ryssel.

119 2453 282 2505 Leipzig
309 2454 433 2493 1880.
463 2454 587 2493 1881.
643 2453 920 2493 Gildemeister
957 2454 998 2493 in
1030 2454 1133 2493 Mus.
1164 2454 1289 2493 Rhen.
1321 2455 1397 2494 vol.
1426 2455 1591 2496 XXVII.

120 2526 186 2564 pg.
205 2514 288 2553 439
305 2525 333 2552 s.
355 2526 384 2552 s.
412 2514 494 2553 591
512 2525 540 2553 s.
562 2526 592 2553 s.
641 2513 846 2553 Editiones
874 2512 1046 2553 Graecas
1078 2513 1242 2553 adhibui
1272 2513 1479 2565 Isocratis,
1510 2516 1591 2554 Lu-

121 2572 241 2621 ciani,
268 2572 495 2624 Themistii,
524 2573 731 2612 Plutarchi
756 2585 834 2625 eae,
860 2586 958 2624 quas
984 2575 1126 2624 postea
1151 2574 1373 2613 accuratius
1398 2575 1591 2626 indicabo,

120 2631 350 2672 Aristotelis
379 2632 491 2671 iussu
523 2634 564 2671 et
595 2633 831 2673 auctoritate
862 2633 1088 2673 academiae
1118 2633 1253 2684 regiae
1277 2633 1510 2675 Borussicae
1543 2649 1590 2675 ex

119 2691 345 2731 recensione
369 2691 625 2731 Immanuelis
651 2691 823 2732 Bekkeri
846 2692 1004 2733 factam.

0 2815 2 2818 ,
149 2774 376 2815 Intricatior
407 2776 529 2815 etiam
560 2778 601 2814 et
632 2775 831 2815 difficilior
857 2776 908 2815 ad
933 2776 1229 2816 diiudicandum
1255 2788 1374 2826 quam
1400 2777 1449 2816 de
1475 2777 1588 2817 libris

33 2834 218 2874 Vindanii
255 2835 432 2875 Anatolii
470 2835 625 2886 Berytii
663 2834 823 2886 Syriaco
867 2836 994 2876 versis
1032 2836 1213 2886 quaestio
1252 2836 1314 2874 est
1350 2837 1399 2875 de
1437 2837 1589 2887 origine

33 2895 256 2934 versionum
279 2894 534 2946 Isocratis,
571 2894 790 2946 Luciani,
822 2895 1098 2945 Themistii,
1133 2895 1386 2934 Plutarchi
1412 2895 1589 2947 Syriaca-

0 2991 3 3001 :
33 2966 139 3006 rum,
175 2967 275 3006 quae
313 2954 397 2994 sine
433 2955 590 2994 nomine
621 2954 851 3005 interpretis
883 2958 1064 2995 servatae
1099 2956 1202 2994 sunt.
1257 2954 1450 2995 Omnibus
1483 2956 1587 2995 enim
