1820 3126
207 123 292 166 474
823 128 865 165 Δ.
886 128 1119 167 Baumstark:

213 248 329 285 quam
357 237 544 275 orationis
572 237 866 278 similitudinem
891 240 1082 280 exhibent.
1132 241 1331 280 Interdum
1357 242 1396 281 id
1421 256 1572 295 quoque
1597 245 1658 295 fit,
1688 247 1733 285 ut

210 294 328 332 aliam
362 297 478 343 atque
509 296 700 345 interpres
727 297 849 348 Syrus
879 299 942 338 vel
967 299 1017 346 is,
1050 299 1116 349 qui
1145 299 1377 350 florilegium
1400 303 1615 353 contexuit,
1646 316 1731 343 esse

214 352 339 390 voluit
364 355 596 392 sententiam
622 355 829 394 verborum
859 356 982 396 fuisse
1007 358 1046 395 in
1071 358 1245 407 exemplo
1270 358 1417 398 Graeco
1446 361 1560 399 facile
1585 362 1731 412 perspi-

209 406 424 463 ciatu1·.⁸⁸⁴)
473 411 579 451 Haec
610 413 730 464 igitur
761 427 822 454 res
849 418 918 453 est.
969 415 1237 455 Sententiae
1267 417 1390 456 inter
1421 430 1467 457 se
1499 420 1729 459 discretas

206 468 372 520 Syrus,
397 474 538 519 prout
563 484 772 522 quaeque
797 474 1003 523 aliquam
1025 475 1419 524 comparationem
1439 477 1612 516 habere
1637 478 1730 527 ipsi

206 527 509 580 videbantur,
541 531 803 580 composuit
834 534 879 570 et
904 532 1319 572 coniunctionibus
1344 546 1395 572 ex
1419 536 1621 575 arbitrio
1647 549 1729 575 suo

204 586 513 635 interpositis
539 589 800 638 copulavit,
832 592 899 638 ut,
930 591 1032 639 quod
1064 590 1237 630 studium
1261 591 1302 629 in
1326 593 1504 631 omnibus
1535 594 1618 632 fere
1643 606 1727 633 sen-

205 644 418 682 tentiarum
436 645 638 696 florilegiis
657 647 824 697 Syriacis
851 648 1100 698 conspicuum
1127 652 1199 699 est,
1224 662 1358 688 unam
1385 653 1431 689 et
1453 656 1729 701 perpetuam

204 703 587 743 exhortationem
622 706 843 745 efficeret
879 709 918 744 et
947 707 997 744 ad
1028 710 1175 746 certum
1207 707 1380 747 ordinem
1411 713 1728 759 argumentorum

206 762 471 801 constitutam.
513 763 570 802 De
590 765 738 814 origine
759 767 798 803 et
817 765 1094 814 compositione
1114 766 1296 816 florilegii
1318 771 1481 816 apparet
1505 770 1609 807 recte
1635 769 1730 807 iudi-

203 819 283 857 cari
306 820 415 869 prius
441 834 517 860 non
541 834 670 872 posse,
703 835 819 872 quam
845 823 1022 872 singulae
1048 826 1243 862 extractae
1269 824 1350 863 sint
1374 827 1609 877 sententiae,
1634 840 1730 877 quas

205 877 327 928 Syrus
364 878 404 918 in
437 880 602 930 speciem
631 883 843 930 perpetuae
874 882 1059 921 orationis
1090 882 1281 921 conflavit.
1312 903 1369 910 —
1405 883 1534 923 Etiam
1571 886 1730 936 gravius

203 937 380 985 peccavit
410 937 599 987 Laudine,
631 952 716 978 cum
748 940 980 989 florilegium
1015 940 1214 990 Syriacum
1247 941 1482 981 translatum
1513 955 1598 982 esse
1629 944 1727 982 arbi-

203 997 332 1034 tratus
358 995 405 1034 de
432 998 606 1047 exemplo
632 997 867 1037 Graecorum
893 999 1173 1048 florilegiorum
1204 999 1338 1050 simili,
1369 1013 1468 1050 quae
1500 1013 1578 1040 non
1601 1014 1726 1051 pauca

202 1054 485 1094 sententiarum
521 1056 725 1095 Menandri
760 1057 968 1095 maximam
1004 1060 1155 1107 partem
1197 1058 1528 1098 monostichorum
1570 1063 1727 1099 servata

203 1114 306 1163 sunt,
329 1126 518 1163 germana
535 1115 736 1154 Menandri
760 1117 898 1164 poetae
923 1116 1058 1154 comici
1081 1116 1303 1166 fragmenta
1327 1117 1381 1155 ibi
1406 1118 1531 1156 latere
1555 1118 1727 1168 negavit.

202 1170 431 1210 Certissima
455 1173 557 1211 enim
581 1173 723 1212 indicia
748 1176 856 1225 sunt,
887 1175 988 1212 unde
1021 1175 1249 1224 colligamus
1279 1175 1402 1214 multo
1428 1176 1586 1215 maioris
1612 1178 1729 1226 pretii

201 1241 288 1268 esse
312 1230 533 1280 fragmenta
555 1231 715 1282 Syriaca
738 1245 854 1281 quam
879 1233 968 1272 illos
992 1245 1126 1271 versus
1147 1232 1328 1283 Graecos,
1354 1234 1420 1284 qui
1444 1234 1616 1284 undique
1639 1247 1728 1274 con-

200 1288 303 1336 gesti
339 1301 598 1340 magnamque
635 1292 788 1341 partem
827 1291 1081 1329 semibarbari
1118 1291 1189 1330 sub
1219 1292 1373 1330 nomine
1403 1292 1607 1331 Menandri
1643 1306 1729 1342 pro-

201 1346 355 1385 duntur.
405 1347 577 1386 Primum
609 1349 767 1388 minime
799 1349 875 1388 sibi
905 1351 1058 1388 constat
1089 1349 1332 1400 singulorum
1365 1351 1672 1400 fragmentorum
1706 1364 1729 1390 a

202 1404 302 1454 Syro
327 1417 599 1455 expressorum
625 1408 821 1459 circuitus,
845 1408 884 1446 id
909 1407 1012 1457 quod
1031 1421 1148 1458 quam
1168 1409 1335 1447 maxime
1355 1408 1497 1459 obstat,
1522 1410 1726 1459 quominus

203 1463 251 1501 de
289 1465 493 1503 sententiis
530 1466 780 1505 monostichis
823 1466 886 1506 vel
929 1466 1105 1505 distichis
1142 1466 1301 1516 Syrisce
1337 1467 1460 1506 versis
1503 1468 1726 1519 cogitemus.

200 1522 330 1561 Habet
354 1535 446 1562 sane
469 1536 548 1563 non
572 1525 668 1563 adeo
694 1525 859 1563 multum
887 1525 1120 1575 florilegium
1145 1537 1169 1564 a
1187 1525 1333 1564 Landio
1360 1525 1506 1564 editum
1530 1538 1617 1565 cum
1644 1539 1728 1565 sen-

202 1581 335 1620 tentiis
354 1580 513 1620 Graecis
539 1583 802 1634 monostichis,
828 1583 1057 1633 quibuscum
1083 1584 1132 1622 ab
1157 1583 1304 1622 editore
1326 1584 1511 1622 collatum
1530 1587 1600 1632 est,
1626 1597 1726 1623 com-

198 1640 423 1688 parationis.
460 1641 597 1691 Neque
621 1654 714 1681 vero
738 1644 945 1692 propterea
969 1644 1031 1680 est
1055 1641 1327 1681 damnandum.
1364 1642 1487 1680 Immo
1506 1655 1582 1692 quo
1602 1644 1727 1692 magis

198 1698 368 1737 alienum
406 1700 468 1738 est
504 1712 527 1738 a
558 1700 761 1739 sententiis
792 1701 897 1751 istis,
934 1712 1029 1750 quas
1061 1691 1244 1750 magnam
1273 1702 1425 1750 partem
1454 1702 1726 1751 suppositicias

201 1768 286 1795 esse
310 1769 425 1796 nemo
450 1758 589 1806 nescit,
620 1771 665 1797 eo
690 1759 814 1798 maior
839 1761 899 1798 est
922 1759 1213 1808 probabilitatis
1237 1759 1383 1808 species
1407 1771 1521 1798 veras
1547 1762 1586 1798 et
1611 1761 1726 1809 putas

198 1817 484 1854 comoediarum
509 1816 714 1855 Menandri
744 1818 928 1867 reliquias
961 1817 1116 1856 obviam
1150 1829 1246 1856 esse.
1294 1816 1455 1856 Accedit
1483 1818 1582 1856 illud
1612 1818 1727 1869 longe

200 1874 491 1926 gravissimum,
509 1877 554 1914 ut
574 1876 653 1914 sint
671 1876 775 1914 inter
794 1877 1014 1924 fragmenta
1033 1887 1056 1913 a
1069 1875 1168 1925 Syro
1182 1887 1375 1925 expressa,
1394 1888 1493 1925 quae
1513 1876 1562 1914 ad
1575 1878 1725 1915 certum

196 1933 356 1971 fabulae
376 1936 649 1982 argumentum
671 1936 846 1984 spectare
863 1934 1081 1982 videantur,
1106 1936 1176 1972 aut
1197 1933 1317 1972 etiam
1335 1934 1506 1973 alternos
1527 1947 1724 1974 sermones

197 1994 364 2030 servent.
409 1992 548 2042 Neque
571 2005 664 2031 vero
690 1993 729 2031 in
755 2005 799 2031 eo
825 1993 984 2032 haerere
1010 1992 1137 2040 debet,
1162 1993 1264 2042 quod
1289 2004 1487 2041 nunquam
1511 1992 1593 2031 fere
1620 1993 1721 2043 frag-
1796 2017 1798 2020 >

196 2052 329 2089 menta
360 2050 521 2100 Syriaca
555 2051 603 2090 ad
635 2052 798 2091 verbum
835 2063 923 2090 cum
952 2050 1128 2100 reliquiis
1165 2050 1384 2089 comoediae
1414 2063 1537 2089 novae
1568 2051 1724 2090 Atticae

199 2112 268 2147 aut
292 2121 380 2147 cum
402 2109 541 2148 Plauto
561 2110 792 2149 Terentiove
818 2109 1060 2149 conveniant.
1100 2109 1253 2148 Paucae
1279 2109 1380 2147 enim
1405 2122 1475 2158 pro
1500 2112 1588 2148 rata
1612 2112 1723 2158 parte

197 2167 457 2206 Menandreae
487 2169 583 2206 artis
614 2169 800 2218 reliquiae
831 2170 1002 2207 aetatem
1032 2168 1220 2206 tulerunt.
1272 2167 1419 2206 Contra
1444 2167 1652 2206 admodum
1677 2168 1725 2206 ad

198 2226 396 2264 licentiam
415 2228 496 2264 tam
516 2230 655 2275 poetae
674 2227 838 2265 Romani
857 2239 973 2277 quam
991 2226 1184 2276 interpres
1202 2226 1323 2275 Syrus
1342 2226 1462 2264 verba
1473 2225 1622 2264 Graeca
1639 2238 1726 2264 con-

200 2285 423 2323 stituerunt.
459 2305 517 2312 ·—
555 2284 664 2330 Quod
701 2297 792 2324 vero
829 2279 1079 2337 Landius⁸⁸⁶)
1117 2284 1279 2334 Syrum
1316 2295 1423 2323 suas
1460 2284 1725 2323 sententias

196 2343 544 2392 proverbiaque
575 2344 826 2392 popularia
857 2343 1033 2392 passim
1058 2342 1408 2392 interposuisse
1434 2342 1724 2394 suspicatur,

198 2401 294 2439 illud
320 2401 477 2451 quidem
502 2402 649 2439 nullis
675 2401 870 2440 indiciis
894 2401 1088 2451 probari
1113 2403 1283 2450 potest.

312 2460 454 2510 Neque
480 2459 601 2509 igitur
631 2460 670 2498 in
695 2459 910 2499 tractandis
937 2460 1142 2498 Menandri
1167 2458 1369 2498 sententiis
1395 2457 1562 2509 Syriacis
1587 2459 1725 2498 Landii

193 2518 372 2568 vestigiis
397 2518 530 2557 insisti
554 2517 681 2569 debet,
707 2518 774 2556 sed
800 2518 840 2556 id
865 2518 1059 2568 agendum
1086 2520 1157 2567 est,
1181 2521 1227 2556 ut
1246 2530 1292 2556 ex
1313 2517 1438 2556 altera
1456 2519 1568 2566 parte
1589 2518 1720 2567 singu—

195 2578 333 2626 larum,
360 2577 441 2615 sive
467 2576 651 2625 reliquias
672 2576 892 2615 fabularum
912 2577 994 2615 sive
1014 2576 1228 2615 sententias
1248 2574 1468 2620 dixerimus,
1493 2575 1667 2614 ambitus
1685 2578 1727 2614 et

196 2635 293 2673 fines
325 2647 441 2684 quam
471 2634 759 2674 accuratissime
784 2635 1082 2684 constituantur,
1109 2646 1185 2684 quo
1210 2634 1351 2672 clarius
1376 2632 1423 2671 de
1447 2633 1724 2683 florilegiorum

199 2693 447 2742 Syriacorum
469 2693 697 2743 rationibus,
716 2692 1003 2742 compositione,
1031 2693 1224 2732 affinitate
1245 2692 1404 2741 liqueat,
1428 2704 1474 2730 ex
1500 2693 1625 2730 altera
1650 2693 1725 2731 col-

198 2752 290 2789 latis
303 2764 428 2790 novae
441 2751 660 2791 comoediae
674 2751 832 2791 Atticae
845 2751 1022 2801 reliquiis
1038 2754 1078 2790 et
1088 2750 1372 2790 imitationibus
1386 2749 1618 2799 inquiratur,
1628 2763 1725 2800 qua-

201 2811 315 2849 tenus
339 2810 379 2848 in
397 2810 627 2859 fragmentis
647 2809 816 2861 Syriacis
836 2809 1034 2849 scaenicae
1052 2815 1212 2859 poeseos
1230 2810 1372 2848 natura
1391 2808 1583 2858 colorque,
1605 2812 1650 2847 ut
1667 2809 1726 2848 ita

197 2868 335 2919 dicam,
356 2869 541 2908 orationis
561 2870 602 2907 et
614 2868 895 2908 sententiarum
909 2880 1032 2908 novae
1045 2867 1265 2908 comoediae
1277 2867 1458 2917 proprius
1469 2861 1719 2920 regnent.⁸⁸⁶)
