1820 3126
532 126 823 163 Lucubrationes
849 125 1133 172 Syro-Graecae.
1528 126 1614 168 399

182 240 226 281 G.
252 239 290 279 S.
313 238 411 279 XIII
432 240 486 278 38
514 239 573 278 ed.
598 238 780 290 Lagarde
805 251 869 289 pg.
895 240 990 289 109,
1017 239 1232 287 25—110,
1258 241 1279 278 1
1309 235 1374 292 (G.
1401 239 1449 278 G.
1475 239 1571 277 XVI
1594 242 1616 279 9

65 302 92 353 ἓ
114 305 135 342 1
163 303 204 341 et
228 295 292 355 2);
317 299 513 349 Hippiatr.
539 299 636 339 ibid.
658 311 723 349 pg.
747 298 828 338 149
855 295 991 337 ἵππον
1017 296 1338 348 ετροφούμενον
1359 320 1414 326 -
1434 295 1619 348 ἑγχυμά-

65 363 149 404 τιζε
176 352 472 415 (Ἀνατολίου).

182 420 227 461 G.
252 419 290 458 S.
315 418 412 457 XIII
438 419 495 457 40
521 412 658 471 (Gn-G.
683 416 778 455 XVI
806 411 896 469 10);
935 417 1136 467 Hippiatr.
1162 417 1256 457 ibid.
1282 430 1348 469 pg.
1375 420 1428 458 29
1458 414 1615 467 ὠφέλι-

66 492 144 532 μον
169 477 215 520 δὲ
244 499 294 507 -
321 474 427 518 κατὰ
452 475 578 527 φύειν
602 474 627 529 ῇ
655 472 920 530 (Ἀψύρτου).

179 539 224 579 G.
245 538 283 579 S.
301 537 399 576 XIII
419 538 472 576 41
502 537 560 576 ed.
580 537 764 588 Lagarde
792 538 887 587 110,
910 538 961 575 16
979 549 1007 575 s.
1023 548 1052 575 s.
1079 531 1146 589 (G.
1169 536 1214 577 G.
1234 537 1330 576 XVI
1353 539 1403 576 11
1433 536 1458 586 ξ
1483 539 1503 575 1
1530 539 1572 576 et
1593 539 1617 576 2

68 612 194 652 usque
218 599 268 638 ad
290 593 414 638 ‘verba
437 594 488 635 τὸ
513 592 644 648 ἶεον);
671 595 871 646 Hippiatr.
899 596 981 636 cod.
1008 596 1131 635 Paris.
1158 609 1240 647 cap.
1268 599 1352 637 469
1381 592 1506 650 (apud
1532 597 1619 635 Mil-

63 661 190 700 lerum
214 670 280 709 pg.
301 651 376 711 74)
402 652 700 710 (Ἀνατολίου).

181 717 227 758 G.
246 718 284 757 S.
308 716 408 756 XIII
426 718 482 755 42
508 710 575 770 (G.
595 715 639 755 G.
665 715 760 754 XVI
781 709 873 769 16);
900 715 1098 766 Hippiatr.
1125 716 1184 754 ed.
1211 715 1419 766 Grynaeus
1444 730 1510 768 pg.
1534 717 1616 756 192

65 777 200 819 πᾶεαν
225 774 474 828 φλεγμονὴν
503 798 552 803 -
582 772 853 825 θεραπεύεειε
880 769 1181 829 (Ἀνατολίου).

179 837 225 877 G.
251 837 288 876 S.
313 836 411 876 XIII
431 837 505 886 433
530 835 730 886 Hippiatr.
755 836 825 875 lat.
851 836 949 875 vert.
972 835 1152 874 Ruellius
1178 835 1246 874 fol.
1271 837 1366 875 86V:
1398 836 1469 886 „Id
1494 849 1617 875 unum

62 898 175 938 nobis
198 909 386 948 praesens
410 896 569 935 videtur
593 895 811 935 remedium
836 895 968 935 oleum
992 895 1034 933 in
1058 895 1193 934 fauces
1218 892 1453 935 instillare.“
1493 892 1616 948 (Ana-

59 957 158 997 tolii.
207 956 374 996 Haustis
399 949 681 1009 hirudinibus).

175 1016 221 1056 G.
241 1016 278 1056 S.
303 1015 404 1055 XIII
422 1017 479 1054 44
505 1016 564 1055 ed.
584 1015 766 1066 Lagarde
790 1028 854 1065 pg.
878 1016 973 1065 110,
995 1016 1210 1064 26—111‚
1234 1018 1254 1055 1
1285 1010 1350 1069 (G.
1372 1014 1418 1054 G.
1444 1014 1541 1054 XVI
1562 1017 1617 1055 20

0 1083 3 1086 ’
59 1075 86 1127 ἓ
107 1072 169 1131 1);
193 1076 392 1127 Hippiatr.
413 1076 472 1115 ed.
493 1074 701 1126 Grynaeus
726 1087 792 1125 pg.
815 1076 897 1114 217
924 1072 975 1113 τὸ
1001 1073 1304 1124 πεπληγμένον
1327 1095 1377 1102 —-
1401 1071 1613 1125 ὠφελήεει

78 1132 357 1187 Ἀνατολίου).

59 1132 76 1190 (
177 1196 223 1236 G.
250 1195 288 1236 S.
312 1195 412 1235 XIII
437 1197 492 1234 46
520 1190 586 1247 (G.
613 1193 658 1234 G.
683 1194 778 1233 XVI
806 1189 899 1248 14);
929 1194 1128 1246 Hippiatr.
1154 1195 1248 1236 ibid.
1273 1209 1311 1245 p.
1340 1196 1423 1234 144
1451 1192 1617 1248 ἐρεγμῷ

60 1277 117 1284 -
142 1253 420 1305 ἑγχυμάτιεον
446 1249 746 1309 (Ἀνατολίου).

178 1315 398 1366 Singularis
423 1315 599 1366 profecto
626 1316 688 1353 est
708 1314 837 1365 Sergii
869 1327 957 1353 cum
984 1315 1243 1366 Hippiatricis
1276 1315 1552 1354 convenientia
1577 1317 1618 1354 et

60 1377 189 1427 tanta,
214 1378 262 1415 nt
286 1375 474 1414 audacter
499 1374 683 1414 contendi
707 1375 835 1424 possit
861 1387 907 1413 ex
933 1375 1072 1414 eodem
1097 1376 1206 1413 fonte
1233 1376 1275 1413 et
1299 1375 1341 1412 in
1368 1374 1619 1425 Hippiatrica

60 1435 210 1475 Graeca
240 1435 412 1486 plurima
441 1434 666 1473 manavisse
698 1436 738 1473 et
769 1434 860 1472 libri
891 1434 991 1473 XIII
1021 1437 1178 1485 partem
1209 1435 1381 1485 priorem
1420 1447 1444 1473 a
1477 1434 1616 1486 Sergio

0 1535 6 1548 ,·
60 1495 221 1546 Syriaco
246 1507 402 1535 versam
425 1507 521 1534 esse.
567 1494 700 1544 Atque
725 1506 814 1532 cum
840 1494 995 1533 duobus
1020 1494 1179 1544 quidem
1204 1493 1432 1533 auctoribus
1452 1494 1619 1544 Hippia-

0 1584 2 1586 ·
59 1555 251 1594 tricorum
271 1555 454 1595 convenit
467 1553 629 1606 Sergius
640 1554 852 1604 Apsyrto
874 1555 920 1592 et
938 1553 1178 1594 Anatolio.
1222 1554 1306 1592 Aut
1325 1554 1452 1604 igitur
1465 1554 1614 1604 Apsyr-

59 1617 162 1666 tum,
188 1615 255 1666 qui
280 1614 530 1663 Anatolium,
556 1615 628 1652 aut
652 1614 896 1663 Anatolium,
923 1614 993 1664 qui
1017 1614 1241 1665 Apsyrtum
1268 1613 1513 1664 adhibuerit,
1545 1627 1615 1664 pu-

59 1675 187 1715 temus
213 1687 372 1714 necesse
397 1676 458 1713 est
482 1687 506 1713 a
531 1673 668 1725 Sergio
694 1673 798 1712 libro
823 1673 922 1712 XIII
948 1686 1187 1723 expressum.
1231 1673 1420 1712 Dubitari
1446 1674 1513 1712 diu
1537 1686 1617 1712 non

0 1766 2 1770 ,
58 1736 201 1784 potest.
252 1734 514 1786 Apsyrtum
546 1735 587 1772 et
618 1732 801 1784 Sergium
838 1733 946 1772 inter
974 1746 1052 1772 non
1083 1734 1161 1773 nisi
1197 1733 1382 1773 universe
1417 1734 1464 1771 de
1495 1734 1615 1772 rebus

58 1794 294 1844 quibusdam
339 1797 379 1833 et
415 1793 620 1832 medicinis
658 1793 854 1832 convenit.
904 1792 1100 1842 Anatolii,
1137 1805 1239 1843 quae
1277 1806 1325 1832 ex
1355 1793 1615 1843 Hippiatricis

59 1854 282 1906 afferebam,
306 1854 532 1904 fragmenta
556 1853 596 1891 in
623 1853 797 1903 epitoma
816 1852 1058 1893 Londinensi
1083 1853 1133 1892 ad
1158 1854 1324 1892 verbum
1350 1853 1434 1891 fere
1461 1855 1501 1892 et
1525 1865 1615 1903 pas-

58 1914 132 1952 sim
163 1914 312 1952 maiore
343 1914 463 1952 etiam
494 1913 571 1951 fide
604 1924 723 1963 quam
758 1913 799 1951 in
832 1911 1066 1963 Geoponicis
1093 1912 1254 1952 Graecis
1288 1925 1476 1962 expressa
1510 1914 1615 1952 sunt.

58 1973 116 2012 Ex
146 1973 307 2024 ingente
343 1973 659 2024 fragmentorum
691 1972 880 2023 Apsyrti‚
919 1985 1020 2024 quae
1051 1972 1314 2023 Hippiatricis
1350 1972 1616 2024 continentur,

58 2033 169 2084 copia
198 2033 441 2084 paucissima
478 2046 549 2083 pro
580 2034 670 2071 rata
705 2034 820 2082 parte
852 2035 962 2083 sunt,
1003 2045 1105 2082 quae
1131 2045 1224 2072 cum
1257 2031 1395 2084 Sergio
1433 2033 1614 2082 componi

58 2095 284 2143 potuerunt.
335 2092 439 2139 Quin
464 2092 585 2131 etiam
610 2093 658 2131 de
684 2092 822 2130 eadem
847 2105 890 2131 re
923 2092 1080 2142 saepius
1110 2093 1188 2131 alia
1213 2091 1344 2143 Sergii
1374 2092 1414 2130 in
1440 2092 1615 2142 epitoma

59 2152 314 2202 Londinensi,
354 2152 432 2191 alia
467 2152 509 2191 in
540 2151 799 2202 Hippiatricis
831 2153 924 2190 sunt
954 2152 1122 2203 Apsyrti
1152 2154 1374 2202 praecepta.
1426 2152 1613 2201 Anatolii,

59 2225 159 2262 quae
183 2212 227 2251 in
249 2212 508 2263 Hippiatricis
533 2212 683 2263 insunt,
707 2211 900 2262 reliquiae
926 2224 1062 2250 omnes
1088 2212 1172 2251 fere
1193 2211 1354 2262 Syriace
1380 2224 1518 2251 versae
1544 2211 1614 2251 ob-

0 2306 3 2309 ,
58 2272 164 2312 viam
182 2274 285 2312 sunt.
317 2272 476 2323 Pugnat
495 2273 602 2310 certe
620 2284 824 2321 nunquam
843 2284 933 2310 cum
952 2271 1188 2322 fragmentis
1202 2271 1382 2310 Anatolii
1401 2271 1503 2311 liber
1516 2271 1614 2310 XIII

0 2364 3 2366 .
61 2330 256 2382 Syriacus.
294 2331 458 2371 Accedit
477 2331 646 2381 denique
662 2332 941 2382 argumentum
962 2344 1009 2370 ex
1021 2331 1174 2371 ratione
1193 2332 1419 2382 temporum
1439 2332 1614 2380 ductum,

1 2440 3 2443 ι
62 2405 138 2443 quo
166 2393 460 2431 demonstratur
487 2391 718 2430 Anatolium
742 2391 792 2429 ab
818 2390 997 2442 Apsyrto
1021 2404 1099 2430 non
1123 2403 1240 2441 posse
1265 2391 1489 2430 adhibitum
1515 2403 1613 2430 esse.

0 2481 3 2483 >
59 2453 280 2503 Apsyrtum
299 2452 404 2491 inter
423 2463 558 2491 omnes
578 2452 732 2490 constat
750 2452 953 2501 aequalem
974 2451 1099 2490 fuisse
1119 2450 1369 2490 Constantini
1384 2451 1531 2501 Magni.
1540 2445 1612 2502 223)

60 2510 290 2551 Anatolium
314 2523 422 2559 vero,
447 2523 719 2562 quemcunque
743 2510 1017 2561 intelligimus,
1046 2523 1162 2550 nemo
1187 2511 1395 2561 negaverit
1422 2510 1613 2550 Constan—

59 2570 134 2610 tini
157 2571 403 2622 temporibus
428 2570 656 2610 inferiorem
681 2570 814 2609 fuisse.
839 2591 898 2596 —
922 2570 982 2609 Ne
1008 2571 1152 2622 longus
1177 2570 1281 2621 fiam,
1310 2572 1416 2609 certo
1443 2570 1614 2609 efficitur

58 2629 284 2670 Anatolio
319 2630 735 2681 Hippiatricorum
766 2630 972 2679 auctori,
1004 2642 1096 2669 non
1120 2629 1332 2680 Apsyrto
1364 2629 1613 2669 vindican-

58 2690 164 2728 dum
202 2703 306 2730 esse
345 2703 461 2740 opus
499 2703 523 2729 a
554 2689 721 2741 Sergio
758 2689 804 2728 in
843 2689 1126 2740 supplendis
1165 2689 1347 2739 eclogis
1380 2688 1612 2728 Vindanii

59 2748 277 2789 Anatolii
301 2750 583 2790 adhibitum.

0 2807 2 2809 ’
177 2809 255 2849 Sed
290 2822 333 2848 re
370 2823 466 2850 vera
508 2810 657 2849 duosne
699 2810 886 2859 putemus
928 2808 1135 2848 Anatolios
1176 2807 1299 2846 fuisse
1340 2808 1511 2847 alterum
1553 2807 1613 2846 rei

63 2869 245 2918 rusticae,
271 2869 443 2908 alterum
466 2869 684 2909 medicinae
708 2868 969 2908 veterinariae
994 2868 1239 2919 scriptorem,
1265 2879 1315 2906 an
1339 2867 1521 2907 Fabricio
1530 2861 1613 2946 ²249),

59 2923 323 2983 Niclasio²²⁶),
348 2922 720 2982 Baumstarkio226),
746 2923 1010 2981 Baehrio²2⁷)‚
1035 2921 1308 2980 Nicolai0²2⁸),
1336 2921 1572 2966 Gemollio²²
1592 2921 1611 2980 )
