1820 3126
240 161 327 204 420
849 161 892 199 A.
920 161 1151 199 Baumstark:

242 274 290 311 ad
316 273 426 312 Dem.
477 275 496 311 1
531 273 570 310 in
597 273 689 311 Luc.
718 273 766 311 de
796 273 867 311 cal.
917 274 941 311 2
966 273 1006 311 in
1032 272 1218 311 Themist.
1250 271 1296 310 de
1324 271 1411 311 virt.
1462 273 1485 311 9
1513 272 1551 309 in
1576 271 1764 311 Themist.

241 332 288 370 de
314 332 422 371 amic.
474 334 524 371 16
558 332 597 370 in
627 331 731 369 Plut.
761 331 809 370 de
840 343 961 371 exerc.
1005 332 1029 370 6
1056 332 1096 369 in
1126 330 1229 369 Plut.
1261 330 1309 369 de
1337 329 1462 368 cohib.
1487 330 1531 369 ir.
1575 330 1767 379 pronomi-

239 402 331 429 num
358 390 522 440 denique
547 390 826 440 absolutorum,
850 402 949 439 quae
974 390 1164 437 dicuntur,
1191 388 1273 427 sine
1296 390 1390 428 nota
1412 388 1624 427 accusativi
1648 388 1688 427 in
1706 400 1766 426 ac-

241 449 415 488 cusativo
440 449 657 498 positorum
691 450 713 487 7
740 448 781 486 in
804 448 926 486 Arist.
952 447 998 486 de
1023 448 1154 486 mund.
1198 448 1221 485 9
1248 447 1289 484 in
1312 447 1427 486 Isocr.
1452 447 1502 485 ad
1521 446 1632 485 Dem.
1678 449 1698 484 1
1726 446 1765 485 in

239 507 333 547 Luc.
358 507 406 546 de
430 508 500 547 cal.
550 508 574 546 3
600 507 641 545 in
666 506 851 545 Themist.
879 506 926 545 de
950 506 1060 544 amic.
1109 507 1134 544 4
1159 506 1199 543 in
1224 505 1327 545 Plut.
1352 505 1399 543 de
1425 517 1546 544 exerc.

355 566 523 616 Eadem,
560 577 659 615 quae
689 565 730 603 in
759 564 1044 604 conformandis
1077 564 1230 602 casibus
1261 563 1433 614 genitivo
1466 565 1506 601 et
1534 562 1766 611 accusativo,

239 625 447 674 conspicua
482 627 544 663 est
587 623 911 674 pronominum
948 622 1271 672 personalium
1314 621 1603 660 suffixorum
1645 621 1767 670 parsi·

240 683 370 722 monia
400 683 439 721 in
465 683 691 732 copulandis
722 682 978 720 substantivis
1011 683 1051 719 et
1080 679 1441 730 praepositionibus.
1490 678 1588 718 Cum
1617 679 1719 717 enim
1743 691 1767 717 a

239 740 519 780 recentioribus
554 740 808 790 scriptoribus
846 739 1072 789 saepissime
1103 739 1402 788 interponantur
1437 737 1667 787 pronomina
1696 738 1767 776 illa

240 799 397 848 suffixa,
428 800 467 838 in
492 800 735 839 versionibus
765 799 852 836 istis
884 810 931 836 ea
957 798 1052 835 trita
1076 799 1332 846 constansque
1362 796 1463 834 ratio
1495 798 1572 844 est,
1604 798 1649 834 ut
1679 797 1768 835 sub-

241 860 412 897 stantiva
436 870 524 896 cum
545 856 897 908 praepositionibus
924 856 1071 894 directo
1092 856 1315 907 iungantur.
1359 854 1559 903 Perpauca
1581 866 1652 904 pro
1677 856 1765 893 rata

239 919 351 967 parte
376 919 467 955 sunt
491 916 718 955 recentioris
746 916 966 954 structurae
994 915 1190 963 exempla,
1221 913 1403 953 videlicet
1429 914 1482 952 38
1508 913 1549 950 in
1573 911 1696 952 Arist.
1719 913 1767 951 de

238 975 369 1014 mund.
412 977 438 1014 4
469 975 510 1013 in
540 974 657 1014 Isocr.
690 974 739 1012 ad
763 973 872 1011 Dem.
918 974 941 1011 7
977 973 1018 1011 in
1042 972 1136 1011 Luc.
1168 973 1215 1011 de
1247 972 1319 1010 cal.
1361 972 1415 1010 33
1442 971 1481 1008 in
1506 971 1693 1010 Themist.
1719 971 1767 1010 de

237 1034 327 1074 virt.
372 1036 395 1073 9
426 1034 466 1072 in
499 1033 688 1072 Themist.
720 1032 768 1070 de
799 1032 908 1070 amic.
956 1033 979 1069 2
1012 1031 1053 1069 in
1083 1031 1186 1069 Plut.
1219 1031 1266 1069 de
1296 1042 1418 1068 exerc.
1463 1031 1485 1068 7
1520 1029 1562 1068 in
1585 1028 1690 1069 Plut.
1719 1029 1767 1068 de

237 1092 363 1131 cohib.
382 1092 428 1130 ir.
471 1092 601 1142 Atque
628 1104 675 1131 ea
699 1091 854 1141 quidem
873 1090 913 1127 in
933 1089 1121 1137 omnibus,
1148 1101 1247 1139 quae
1274 1087 1509 1138 enumeravi,
1534 1087 1768 1136 exceptioni-

239 1157 311 1196 bus
335 1157 443 1197 valet
461 1157 536 1207 lex,
561 1158 606 1195 ut
628 1156 716 1205 ipsa
732 1154 892 1194 nomina
910 1155 1168 1192 annectantur
1185 1153 1234 1192 ad
1252 1152 1560 1203 praepositiones
1584 1158 1635 1189 Φ
1659 1144 1766 1192 etQ.

237 1239 324 1265 eum
351 1226 502 1265 suffixis
530 1227 684 1265 iunctas
708 1223 861 1263 iteratis
886 1223 966 1262 illis
991 1222 1364 1273 praepositionibus,
1394 1223 1445 1261 ad
1476 1225 1625 1263 ceteras
1656 1235 1727 1274 per
1750 1227 1767 1270 2

236 1286 481 1334 particulam.

353 1341 618 1398 ContraQo,
648 1347 724 1387 nisi
752 1347 877 1396 ipsum
913 1345 1149 1384 substantivi
1181 1345 1307 1384 instar
1333 1345 1480 1384 nudum
1505 1346 1665 1395 ponitur
1695 1347 1766 1384 aut

238 1421 443 1470 copulatur
467 1433 554 1459 cum
576 1418 776 1459 vocabulis
803 1444 854 1481 3..
889 1411 970 1474 ,ln
1007 1423 1136 1481 ,ppo
1172 1422 1236 1460 vel
1263 1422 1485 1461 nominibus
1511 1422 1766 1461 substantivis

237 1485 278 1523 in
309 1486 417 1523 statu
443 1485 621 1524 absoluto
646 1483 802 1535 positis,
835 1499 910 1524 non
941 1486 1118 1536 iungitur
1149 1497 1236 1524 cum
1266 1486 1362 1536 ipsis
1393 1486 1666 1536 substantivis,
1698 1485 1766 1525 sed

239 1556 394 1593 semper
418 1556 506 1582 cum
531 1543 823 1593 pronominibus
849 1543 1011 1595 suffixis,
1037 1556 1137 1594 quae
1162 1544 1418 1584 substantivis
1443 1545 1698 1594 excipiuntur.

352 1602 412 1641 De
444 1603 652 1641 flexione
686 1603 820 1641 verbi
849 1616 927 1642 non
952 1606 1030 1651 est,
1061 1602 1164 1651 quod
1187 1615 1366 1642 moneam
1396 1603 1471 1642 nisi
1494 1603 1764 1652 parcissimum

238 1673 321 1700 esse
346 1674 461 1699 usum
486 1660 727 1699 infinitivi
752 1661 973 1700 absoluti.
1021 1660 1211 1710 Exempla
1235 1661 1329 1700 haec
1353 1661 1615 1700 inveniebam:
1646 1661 1764 1701 Isocr.

236 1720 285 1758 ad
310 1720 420 1758 Dem.
449 1721 549 1768 168,
570 1720 641 1768 203
669 1721 768 1771 171,
789 1722 826 1770 9,
847 1722 920 1771 26,
949 1721 1049 1767 172,
1077 1722 1120 1769 2,
1147 1722 1248 1769 173,
1277 1721 1342 1759 23.
1385 1720 1478 1759 Luc.
1503 1719 1551 1759 de
1575 1721 1647 1760 cal.
1671 1720 1702 1758 1.
1727 1719 1764 1758 S.

238 1780 367 1828 2,14;
395 1779 432 1829 3,
454 1780 496 1828 5,
527 1778 904 1829 13,10;Themist.
931 1778 978 1817 de
1002 1779 1092 1817 virt.
1117 1778 1147 1816 Ι.
1169 1778 1206 1817 S.
1233 1780 1306 1829 20,
1328 1780 1398 1829 13,
1424 1780 1498 1829 31,
1522 1779 1566 1829 5,
1591 1779 1665 1830 42,
1693 1779 1763 1828 10,

237 1837 341 1875 Plut.
367 1837 415 1875 de
439 1849 562 1875 exerc.
586 1836 634 1874 A.
654 1836 691 1875 S.
714 1838 808 1887 178,
829 1838 872 1888 8,
898 1837 946 1876 de
970 1836 1093 1876 cohib.
1119 1837 1165 1874 ir.
1195 1838 1290 1887 192,
1309 1838 1347 1886 3,
1367 1839 1404 1875 4.

352 1895 525 1934 Transeo
551 1896 600 1934 ad
625 1895 989 1935 collocationem
1014 1895 1272 1935 verborum.
1317 1895 1423 1940 Quae
1448 1907 1535 1934 cum
1555 1894 1763 1934 admodum

237 1954 362 1993 libera
388 1954 440 1993 sit
464 1956 547 1993 tam
571 1953 611 1992 in
632 1954 815 1994 universa
838 1954 976 2004 lingua
995 1953 1193 2004 Syrorum,
1218 1966 1335 2003 quam
1359 1953 1399 1992 in
1424 1954 1648 1992 versionum
1671 1953 1765 1992 ista-

236 2026 323 2051 rum
344 2025 531 2061 sermone,
551 2025 628 2052 non
647 2013 774 2052 multa
791 2015 895 2063 sunt,
914 2025 1014 2063 quae
1033 2012 1327 2052 commemorari
1346 2025 1367 2051 e
1384 2025 1427 2051 re
1446 2012 1508 2051 sit.
1527 2031 1574 2038 —
1591 2011 1766 2050 Primum

240 2074 466 2111 constanter
491 2084 538 2110 ea
557 2073 620 2110 lex
639 2074 829 2122 servatur,
854 2074 900 2110 ut
916 2083 1056 2111 nomen
1076 2083 1215 2121 regens
1241 2073 1332 2110 ante
1350 2069 1568 2122 genitivum
1586 2071 1764 2120 ponatur,

240 2142 493 2181 quaecunque
513 2134 573 2169 est
591 2130 847 2170 conformatio
861 2130 1036 2182 genitivi.
1074 2129 1223 2168 Eadem
1242 2129 1323 2168 fere
1336 2129 1555 2168 constantia
1573 2128 1767 2168 adiectiva

238 2189 474 2228 attributiva
497 2191 697 2238 ponuntur
721 2191 811 2238 post
836 2188 1105 2238 substantiva,
1135 2189 1184 2226 ad
1210 2200 1311 2238 quae
1335 2188 1515 2237 apposita
1539 2189 1641 2226 sunt.
1689 2187 1763 2225 Ex-

239 2248 438 2297 ceptiones
454 2260 534 2290 non
552 2247 685 2286 inveni
708 2248 783 2287 nisi
802 2250 883 2286 tres
902 2247 1020 2286 Isocr.
1039 2247 1089 2285 ad
1108 2246 1217 2284 Dem.
1239 2247 1282 2285 A.
1304 2246 1340 2285 S.
1364 2248 1458 2296 167,
1478 2247 1551 2296 29,
1573 2247 1673 2295 169,
1694 2246 1766 2295 22,

237 2307 330 2346 Luc.
350 2306 397 2345 de
417 2306 488 2346 cal.
507 2306 538 2344 I.
558 2307 594 2346 S.
617 2308 682 2356 11,
705 2307 740 2345 1.
778 2306 865 2345 Non
884 2305 989 2345 cadit
1007 2317 1054 2344 ea
1071 2305 1134 2344 lex
1153 2304 1195 2343 in
1212 2305 1443 2355 pronomina
1460 2303 1768 2343 demonstrativa

235 2380 307 2417 005
326 2373 367 2410 et
384 2361 455 2418 llo,
476 2373 516 2409 et
535 2360 628 2421 1205,
655 2383 820 2420 quorum
838 2371 1039 2410 liberrima
1057 2369 1259 2409 collocatio
1279 2371 1340 2408 est
1357 2381 1481 2420 neque
1499 2368 1591 2407 ullis
1610 2367 1765 2418 legibus

236 2442 454 2480 constricta.
502 2440 625 2480 Porro
651 2441 843 2479 obiectum
869 2441 1098 2490 plerumque
1122 2439 1281 2489 ponitur
1308 2439 1398 2489 post
1422 2438 1585 2478 verbum
1610 2448 1764 2488 regens.

236 2500 372 2549 Neque
403 2512 495 2539 vero
527 2512 574 2539 ea
597 2500 661 2538 lex
691 2500 916 2539 constanter
946 2501 1136 2538 servatur.
1186 2498 1262 2536 Sed
1291 2509 1474 2536 numerus
1508 2496 1665 2546 quidem
1700 2507 1764 2534 ex-

235 2559 460 2607 ceptionum
490 2570 561 2608 per
592 2570 724 2597 omnes
756 2557 952 2597 versiones
985 2557 1060 2596 sibi
1091 2558 1254 2596 constat.
1304 2555 1402 2594 Sunt
1425 2556 1481 2594 44
1506 2554 1547 2592 in
1570 2554 1691 2593 Arist.
1715 2554 1764 2592 de

236 2617 367 2657 mund.
410 2618 462 2655 41
495 2617 537 2655 in
566 2617 683 2656 Isocr.
714 2616 764 2655 ad
792 2615 902 2654 Dem.
947 2617 1000 2654 23
1034 2616 1074 2654 in
1104 2615 1198 2654 Luc.
1229 2615 1276 2653 de
1308 2614 1379 2653 cal.
1423 2615 1480 2652 70
1509 2614 1550 2651 in
1575 2611 1763 2651 Themist.

236 2676 283 2713 de
308 2676 398 2715 virt.
442 2677 495 2714 27
520 2675 563 2714 in
582 2674 769 2714 Themist.
794 2675 842 2713 de
865 2674 975 2713 amic.
1019 2675 1074 2713 34
1100 2674 1140 2712 in
1158 2673 1261 2713 Plut.
1285 2672 1333 2711 de
1355 2684 1478 2711 exerc.
1522 2673 1575 2711 29
1601 2671 1641 2710 in
1659 2670 1763 2709 Plut.

236 2734 284 2772 de
309 2734 432 2772 cohib.
459 2734 503 2772 ir.
552 2733 719 2773 Perinde
748 2732 931 2772 infinitivi
962 2733 1170 2771 maximam
1198 2731 1353 2782 quidem
1384 2732 1538 2780 partem
1565 2731 1764 2779 ponuntur

236 2794 326 2841 post
350 2792 450 2830 illud
474 2793 576 2831 unde
600 2793 773 2843 pendent
796 2791 877 2830 sive
904 2803 1045 2830 nomen
1071 2791 1153 2831 sive
1171 2790 1348 2830 verbum.
1389 2787 1645 2839 Exceptiones
1671 2787 1763 2825 duo-

236 2850 359 2888 decim
384 2851 526 2900 inveni,
552 2851 700 2890 scilicet
722 2850 840 2890 Isocr.
866 2850 916 2888 ad
941 2849 1052 2888 Dem.
1076 2848 1124 2887 A.
1143 2848 1181 2887 S.
1206 2849 1299 2895 168,
1321 2849 1366 2897 3,
1395 2849 1489 2896 170,
1509 2848 1546 2895 9,
1568 2847 1640 2898 103
1669 2846 1762 2895 172,

238 2910 303 2958 17,
321 2911 391 2959 19,
414 2911 507 2960 175,
524 2911 567 2959 6,
593 2909 781 2949 Themist.
800 2908 847 2947 de
867 2908 953 2948 virt.
974 2908 1003 2947 I.
1025 2908 1063 2946 S.
1083 2909 1151 2957 38,
1173 2908 1243 2957 133
1262 2908 1330 2957 40,
1352 2907 1422 2956 13,
1448 2905 1552 2944 Plut.
1571 2904 1619 2943 de
1637 2903 1762 2943 cohib.
