1820 3126
187 148 273 191 468
812 152 854 188 A.
873 152 1106 188 Baumstark:

191 261 317 311 primo
344 258 545 309 βαειλέων
570 261 773 311 excidisse,
806 262 942 301 deinde
968 275 991 301 a
1015 263 1192 312 librario,
1223 263 1289 313 qui
1314 276 1446 303 vocem
1479 264 1718 303 desideraret

190 319 280 358 ταῑε
306 315 475 358 πόλεειν
501 319 601 358 iuste
627 321 856 370 oppositam,
882 318 1060 360 ἰδιωτῶν
1086 322 1306 371 suppletum
1332 317 1507 375 esse.⁸⁰¹)

320 379 400 416 266
416 390 439 416 a
464 377 542 416 lbb.
569 377 655 417 Grr.
681 376 865 427 Δαρείου
915 379 941 418 S
968 378 1101 428 Κύρου
1127 375 1227 432 (sive
1253 375 1465 432 Ξέρξουε).
1516 380 1627 429 Item,
1653 381 1720 418 ubi

193 436 295 474 forte
326 448 418 474 vera
450 436 644 485 scriptura
674 437 831 486 excidit,
869 438 1023 477 videtur
1047 435 1234 486 Δαρείου
1264 438 1486 477 coniectura
1515 439 1716 477 inventum
1768 490 1773 496 .

192 506 286 533 esse.
296 489 366 546 ⁸⁰²)

311 554 393 591 278
409 565 443 599 a,
463 565 549 590 cum
569 553 609 590 in
627 552 736 591 libris
751 553 910 593 Graecis
930 554 1162 593 excidissent
1180 555 1299 594 verba
1317 552 1392 594 τὸν
1412 552 1546 604 πάρος
1567 551 1720 603 εὐπρα-

194 610 603 722 γήεαντ)αέοὲἷῐίοι11υε
631 614 720 650 ante
746 607 963 660 ἄφρακτον
988 613 1210 652 coniectura
1236 614 1489 663 interpositus
1515 616 1576 652 est
1602 613 1719 665 (conf.

310 727 458 766 Deinde
488 729 664 778 quamvis
695 741 856 778 magna,
887 731 932 767 ut
963 729 1112 778 monui,
1143 730 1320 768 cautione
1351 742 1448 779 opus
1480 731 1540 769 est
1569 729 1610 767 in
1642 729 1719 767 illis

194 786 287 824 locis
313 786 539 835 iudicandis,
567 787 632 825 ubi
658 788 842 836 pauciora
862 786 887 824 S
913 800 1030 836 quam
1055 787 1203 826 servati
1221 787 1313 826 libri
1333 787 1471 827 Graeci
1496 788 1720 838 praebebat,

194 844 386 894 quaedam
411 848 545 883 tamen
574 858 620 883 ex
645 845 718 894 eis,
744 858 842 895 quae
866 846 907 883 in
933 844 958 883 S
985 846 1129 884 omissa
1153 848 1282 896 erant,
1313 849 1421 894 sunt,
1446 857 1546 895 quae
1569 846 1719 896 gravis-

197 903 314 942 simos
341 903 543 952 scrupulos
568 906 760 943 moveant.
811 903 887 942 Sex
912 917 1072 943 numero
1097 904 1172 942 loci
1195 904 1271 942 huc
1296 904 1511 954 pertinent:

309 962 392 1001 268
408 973 428 1000 c
465 973 538 1000 om.
579 961 604 1000 S
647 959 713 1000 καὶ
755 959 861 1010 πρὸ(
903 959 1048 1011 φιλίαν
1085 958 1255 1010 ἄχρειοι.
1314 962 1447 1001 Verba
1487 962 1718 1001 sententiam

192 1032 310 1070 quam
336 1020 559 1059 foedissime
584 1020 757 1060 turbant.
806 1021 910 1058 Illud
935 1021 1037 1059 enim
1062 1021 1285 1073 quaeritur,
1313 1021 1380 1070 qui
1410 1021 1529 1059 animi
1554 1021 1604 1059 ad
1629 1021 1721 1059 ami-

195 1078 327 1116 citiam
351 1078 479 1117 idonei
504 1079 593 1128 sint,
619 1079 685 1128 qui
710 1091 798 1117 non.
847 1079 976 1117 Minus
1001 1081 1114 1129 aptos
1141 1079 1253 1118 docet
1278 1079 1515 1118 Themistius
1547 1079 1721 1129 ingratos

190 1149 275 1175 esse
312 1137 664 1187 beneficiorumque
702 1137 992 1187 obliviscentes,
1035 1138 1282 1187 aptissimum
1320 1149 1412 1176 vero
1455 1137 1721 1187 gratissimum

192 1207 394 1245 quemque.
437 1195 543 1234 Haec
568 1195 714 1245 optime
739 1195 895 1234 habent.
945 1194 1051 1240 Quae
1077 1198 1209 1234 autem
1234 1196 1332 1234 ratio
1359 1197 1443 1234 erat
1467 1196 1628 1234 docendi
1651 1195 1717 1234 ad-

191 1254 284 1292 ditis
303 1253 431 1292 verbis
450 1253 536 1292 istis
560 1255 675 1302 aptos
695 1254 744 1292 ad
763 1254 955 1292 amicitias
974 1266 1051 1292 non
1069 1266 1155 1293 esse
1180 1266 1259 1304 eos,
1284 1254 1349 1304 qui
1375 1253 1459 1303 apt-i
1485 1266 1562 1292 non
1581 1256 1720 1293 essent.

190 1311 330 1362 Neque
356 1312 459 1350 enim
485 1312 563 1350 alia
588 1313 792 1359 sententia,
818 1313 852 1350 si
877 1311 995 1350 verba
1019 1325 1232 1362 servamus,
1256 1312 1342 1351 elici
1367 1306 1581 1367 potest.⁸⁰⁴)

312 1372 432 1410 269a
468 1383 540 1409 om.
568 1370 594 1408 S
629 1367 829 1420 βάεκανοε
853 1368 890 1419 ἤ.
940 1370 1088 1409 Graeca
1117 1371 1304 1409 memoria
1335 1383 1430 1410 sana
1460 1383 1544 1409 esse
1574 1371 1720 1420 nequit.

197 1429 358 1468 Inverso
385 1431 490 1467 certe
515 1429 649 1467 ordine
675 1429 921 1468 scribendum
948 1432 1031 1467 erat
1062 1426 1098 1468 εἰ
1124 1425 1324 1476 βάεκανοε
1353 1427 1378 1478 ἢ
1405 1426 1568 1477 φθόνου
1594 1426 1721 1477 κρείε-

193 1497 287 1526 (ων.
331 1487 406 1526 Sed
431 1499 518 1526 cum
545 1485 789 1536 βάεκανοεῆ
815 1488 855 1526 in
881 1486 906 1526 S
933 1487 1119 1526 omissum
1139 1488 1202 1538 sit,
1226 1487 1358 1526 malim
1377 1487 1497 1527 verba
1515 1500 1585 1537 pro
1604 1488 1722 1526 inter—

194 1548 440 1595 pretamento
471 1546 615 1584 habere
647 1549 802 1596 sumpto
834 1558 879 1584 ex
910 1546 1156 1584 inferioribus
1184 1547 1266 1585 269
1298 1543 1399 1594 μηδὲ
1433 1540 1721 1599 βάεκανοε.805)

308 1606 391 1643 273
405 1616 426 1643 c
463 1617 536 1643 om.
558 1604 584 1642 S
605 1601 693 1643 οὖν.
737 1604 938 1643 Particula
961 1617 1167 1654 perperam
1192 1617 1239 1643 ex
1262 1604 1509 1643 inferioribus
1535 1600 1720 1652 καθάπερ

192 1659 269 1702 οὖν
290 1665 445 1713 sumpta
465 1665 535 1701 est.
580 1662 688 1708 Quae
709 1663 741 1701 si
761 1665 950 1714 servatur,
977 1663 1259 1702 sententiarum
1280 1665 1476 1702 structura
1502 1675 1596 1701 sana
1614 1663 1722 1700 nulla

193 1721 372 1761 efficitur.
420 1721 561 1760 Deleta
586 1721 723 1772 Sergio
747 1724 906 1760 auctore
938 1722 1091 1769 vocula,
1124 1722 1248 1760 lenius
1280 1722 1370 1759 ante
1403 1718 1574 1769 μιμητέα
1604 1721 1722 1759 inter-

192 1779 444 1830 pungendum
469 1781 532 1819 est
555 1782 595 1818 et
614 1780 669 1818 sic
686 1780 767 1818 fere
787 1780 1117 1831 coniungendum:
1143 1777 1234 1818 ἐπεὶ
1253 1777 1379 1827 μέγα(
1399 1776 1423 1817 ὁ
1443 1775 1559 1826 ἀγὼν
1578 1791 1611 1818 κ.
1625 1790 1659 1817 τ.
1674 1778 1721 1827 λ.,

196 1837 368 1887 μιμητέα
394 1838 600 1890 „quoniam
625 1850 811 1888 magnum
836 1841 1033 1877 certamen
1052 1840 1112 1877 est
1136 1841 1220 1889 etc.,
1244 1838 1390 1876 imitari
1411 1832 1676 1890 oportet“.⁸⁰⁶)

309 1898 391 1936 277
406 1897 432 1935 b
458 1910 532 1936 om.
554 1896 579 1934 S
598 1896 908 1945 νουθετοῦντες,
934 1893 985 1935 οὐ
1005 1894 1331 1945 λοιδορούμενοι,
1359 1893 1426 1934 καὶ
1444 1893 1723 1944 ἐπανορθοῦν-

193 1965 262 1994 'rec
281 1952 359 1994 οὐκ
378 1952 663 2004 ὀνειδίζοντες,
690 1967 789 2006 quae
808 1967 902 1994 vera
921 1967 1005 1994 esse
1024 1957 1094 1994 aut
1111 1955 1272 2005 antiqua
1289 1955 1397 1992 nullo
1417 1954 1530 1992 modo
1549 1958 1722 2003 possunt.

193 2013 349 2053 Scilicet
378 2014 607 2052 insanientis
632 2016 718 2052 erat
749 2015 818 2052 aut
843 2013 1076 2053 somnolenti
1100 2013 1269 2052 scribere
1300 2009 1376 2052 οὐκ
1400 2009 1641 2052 ὀνειδίζουει
1669 2033 1718 2040 -

197 2093 246 2100 -
276 2093 331 2099 -
356 2069 432 2111 οὐκ
455 2066 821 2125 ὀνειδίζοντεε.807)

310 2131 379 2170 Bis
411 2143 457 2169 ea
486 2143 549 2170 res
589 2132 690 2180 erat,
727 2132 773 2168 ut
809 2131 1042 2180 scripturam
1074 2129 1263 2170 Graecam
1298 2142 1435 2179 parum
1472 2141 1607 2168 sanam
1638 2142 1723 2168 esse

193 2190 369 2229 homines
394 2190 499 2229 docti
523 2190 751 2228 iamdudum
777 2189 976 2228 sentirent.

311 2249 394 2287 266
409 2260 433 2286 a
469 2261 542 2287 om.
567 2247 593 2286 S
617 2245 664 2286 ἐν
688 2247 748 2299 τῷ
774 2245 930 2299 κόεμῳ,
955 2247 1059 2298 quod
1082 2247 1282 2286 Iacobsius
1309 2247 1450 2298 corrigi
1474 2247 1587 2286 iussit
1611 2246 1651 2285 in
1676 2244 1723 2285 ἐν

193 2307 253 2359 τῷ
278 2304 412 2358 νώτῳ.
461 2306 594 2345 Verba
616 2318 740 2356 neque
766 2306 936 2355 genuina
960 2308 1067 2354 sunt,
1098 2306 1137 2344 id
1163 2306 1264 2356 quod
1291 2318 1336 2344 ex
1359 2305 1537 2345 versione
1562 2305 1723 2355 Syriaca

194 2366 391 2415 discimus,
416 2377 541 2416 neque
567 2365 723 2415 integra
742 2364 900 2403 tradita.
943 2364 1126 2404 Fortasse
1144 2364 1178 2403 is
1204 2365 1270 2415 qui
1288 2364 1449 2415 addidit,
1474 2363 1630 2413 scripsit
1647 2361 1723 2403 τὸν

194 2418 418 2473 κόεμον.308

313 2484 394 2522 269
411 2418 437 2520 d
467 2495 540 2521 om.
561 2480 587 2520 S
606 2478 783 2531 κυβείαν.
828 2481 996 2520 Videtur
1013 2481 1058 2520 in'
1073 2478 1288 2531 θετταλὰν,
1310 2481 1412 2531 quod
1431 2480 1617 2520 vitiosum
1637 2493 1722 2520 esse

195 2553 307 2580 nemo
333 2553 410 2580 non
433 2540 559 2588 videt,
584 2540 731 2590 aliquid
756 2540 988 2590 exquisitius
1013 2541 1120 2579 aleae
1145 2552 1284 2579 nomen
1307 2540 1448 2588 latere,
1476 2540 1537 2578 cui
1562 2539 1719 2578 tritissi-

195 2613 302 2638 mum
332 2599 432 2638 illud
461 2595 635 2648 κυβείαν·
651 2601 853 2648 tamquam
878 2598 1151 2649 interpretatio
1176 2598 1415 2648 adscriptum
1440 2597 1502 2637 sit.
1544 2598 1603 2637 De
1627 2608 1722 2637 πετ-

195 2655 310 2697 τείαν
334 2659 398 2697 vel
420 2655 567 2707 τηλίαν
592 2656 790 2708 cogitabat
813 2652 1088 2711 Petavius.⁸⁰³)

313 2716 516 2755 Postremo
542 2728 644 2756 unus
668 2717 793 2755 restat
817 2716 942 2765 locus,
967 2716 1035 2755 ubi
1058 2716 1449 2767 interpretamentum
1473 2714 1609 2766 Sergio
1634 2727 1721 2754 auc-

198 2777 284 2814 tore
309 2775 517 2814 delendum
539 2775 580 2813 in
604 2774 733 2814 locum
757 2774 940 2824 antiquae
965 2774 1180 2826 scripturae
1203 2774 1357 2815 invasit.
1379 2804 1381 2806 -

209 2827 216 2835 '
314 2833 435 2872 277b
480 2833 559 2873 lbb.
586 2833 672 2873 Grr.
698 2829 750 2873 οὐ
778 2833 829 2886 τῇ
860 2830 1023 2886 διανοίᾳ
1053 2830 1158 2886 μόνῃ
1189 2832 1264 2873 τοῦ
1288 2830 1488 2881 λέγοντο(
1535 2831 1562 2871 S
1586 2828 1638 2872 οὐ
1662 2832 1723 2884 τῷ

196 2888 336 2943 (κόπῳ
363 2886 583 2945 μόνον.8“’)
