1820 3126
225 154 310 196 426
838 154 879 187 A.
905 151 1139 188 Baumstark:

230 267 363 305 autem
395 276 549 314 semper
579 264 795 302 redduntur
827 275 897 313 per
926 262 1131 312 participia
1165 262 1296 301 iuncta
1326 274 1412 301 cum
1443 262 1615 312 perfecto
1645 261 1755 300 verbi

229 320 329 376 loo).
379 328 635 377 Exceptiones
667 340 743 366 non
774 327 850 366 nisi
879 327 981 365 duae
1015 330 1118 365 sunt.
1167 326 1359 364 Nimirum
1393 326 1513 365 Arist.
1546 326 1593 364 de
1625 325 1755 364 mund.

226 394 272 432 A.
293 393 330 432 S.
354 394 447 442 151,
467 394 518 430 27
543 391 702 441 Sergius
728 392 961 430 sententiam
986 391 1111 441 magis
1138 404 1255 440 quam
1279 390 1399 430 verba
1423 390 1589 440 exempli
1615 389 1754 427 Graeci

226 454 382 491 secutus
417 451 660 488 enuntiatum
692 450 886 489 nominale
920 450 1163 499 informavit,
1197 449 1288 488 Luc.
1314 449 1361 488 de
1386 450 1455 488 cal.
1481 448 1510 487 1.
1538 448 1575 487 S.
1603 449 1672 498 16,
1702 448 1752 485 14

227 512 337 568 1:020!
375 521 506 571 posuit
535 532 605 570 pro
631 519 779 558 Graeco
810 515 1061 573 ἔφημεν.405)
1086 540 1141 546 -
1167 519 1376 558 Perfecti
1403 518 1541 558 Graeci
1573 518 1648 556 duo
1673 517 1754 555 fere
1817 511 1820 542 i

228 598 374 636 genera
399 598 483 624 esse
515 586 620 623 recte
650 584 846 632 perspexit
871 583 991 634 Syrus
1017 595 1200 632 praesens
1225 585 1265 622 et
1288 583 1527 622 historicum.
1574 582 1755 620 Alterum

227 657 297 693 per
321 644 567 682 enuntiatum
591 641 786 681 nominale
816 643 885 679 aut
908 655 978 691 per
1001 636 1339 693 participium⁴⁰⁶)‚
1372 641 1537 680 alterum
1569 653 1641 690 per
1671 652 1754 690 per-

227 703 372 741 fectum
404 702 565 740 reddere
598 701 707 740 solet.
739 721 793 726 —
833 700 1356 750 Plusquamperfectum
1386 701 1456 738 aut
1486 711 1607 749 aeque
1638 700 1756 748 atque

229 766 444 816 perfectum
491 768 561 804 aut
598 765 769 815 perfecto
806 764 936 803 iuncto
976 777 1062 803 cum
1100 764 1270 814 perfecto
1307 763 1417 802 verbi
1457 752 1545 810 1002
1576 763 1755 813 exprimi-

231 824 388 883 tur.⁴⁰⁷)
409 849 463 856 ——
483 829 615 868 Etiam
640 830 741 867 inter
766 829 970 867 aoristos
997 828 1277 867 historicum
1302 830 1348 867 et
1371 827 1632 878 gnomicum
1656 827 1755 865 bene

232 888 461 927 distinctum
485 890 554 927 est.
603 887 761 926 Aoristo
787 887 972 926 historico
996 887 1231 937 perfectum,
1262 888 1398 925 contra
1426 885 1603 935 gnomico
1634 884 1754 934 parti·

229 941 449 999 cipium408)
487 946 707 997 respondet.
763 946 1023 984 Paucissimae
1061 946 1214 985 obviam
1251 947 1342 983 sunt
1378 944 1631 994 exceptiones.
1688 943 1756 981 Bis

228 1006 332 1044 enim
358 1006 546 1044 Themist.
573 1006 621 1043 de
646 1004 755 1043 amic.
779 1003 809 1043 Ι.
835 1003 871 1042 S.
901 1005 968 1055 50,
990 1006 1055 1054 10,
1077 1006 1128 1043 11
1155 1003 1389 1043 indicativus
1415 1002 1553 1042 aoristi
1576 1014 1646 1052 per
1669 1014 1755 1051 par·

228 1070 404 1120 ticipium
435 1070 610 1109 iunctum
641 1081 730 1108 cum
759 1069 932 1119 perfecto
963 1068 1073 1108 verbi
1101 1058 1190 1115 100,
1221 1067 1414 1115 redditur,
1445 1079 1532 1106 cum
1565 1066 1759 1105 sententia

230 1135 283 1173 sit
306 1134 472 1185 irrealis,
496 1135 557 1173 bis
582 1134 675 1172 Luc.
703 1133 749 1171 de
774 1133 843 1172 cal.
869 1133 900 1173 I.
925 1133 960 1172 S.
989 1135 1054 1183 10,
1076 1134 1140 1181 23,
1169 1134 1223 1171 24
1247 1144 1318 1182 per
1341 1131 1558 1182 perfectum
1582 1130 1756 1169 iunctum

227 1211 315 1237 cum
345 1199 518 1248 perfecto
549 1198 660 1238 verbi
694 1187 808 1247 1002,
845 1210 933 1236 cum
964 1197 1100 1236 eadem
1137 1197 1189 1235 sit
1227 1198 1345 1246 atque
1377 1194 1758 1245 plusquamperfecti,

229 1263 350 1302 semel
374 1263 495 1301 Arist.
528 1263 575 1301 de
605 1262 735 1301 mund.
762 1261 809 1300 A.
836 1262 872 1301 S.
900 1264 1003 1311 147,
1029 1264 1052 1301 7
1085 1274 1155 1311 per
1185 1260 1474 1311 imperfectum,
1505 1272 1593 1298 cum
1623 1258 1756 1297 eadem

229 1322 280 1360 sit
304 1323 423 1371 atque
451 1315 704 1371 optativi.⁴⁰⁹)
733 1341 781 1347 —
814 1321 1044 1359 Futurum
1068 1319 1299 1369 exprimitur
1330 1320 1400 1357 aut
1430 1317 1656 1367 imperfecto
1688 1319 1759 1355 aut

228 1379 444 1430 participio.
493 1380 561 1418 Bis
587 1392 658 1429 pro
684 1379 818 1417 futuro
841 1378 987 1418 Graeco
1011 1379 1171 1428 ponitur
1194 1377 1442 1428 participium
1466 1377 1641 1414 iunctum
1668 1387 1756 1414 cum

227 1449 455 1499 imperfecto
474 1450 583 1489 verbi
608 1439 714 1500 1000,
739 1449 886 1488 scilicet
903 1448 1019 1488 Isocr.
1036 1449 1086 1487 ad
1099 1448 1207 1488 Dem.
1222 1447 1267 1487 A.
1284 1447 1321 1486 S.
1339 1447 1432 1495 172,
1448 1447 1484 1494 5,
1502 1446 1567 1484 28.
1584 1465 1634 1471 -
1650 1445 1757 1484 Haec

228 1514 384 1565 quidem
405 1514 452 1552 de
469 1514 678 1553 indicativo
698 1516 921 1563 temporum
941 1512 1188 1552 Graecorum.
1227 1511 1586 1559 coniunctivae,
1612 1509 1679 1560 qui
1698 1511 1758 1548 est

227 1573 268 1611 in
305 1572 510 1611 sententiis
543 1573 696 1622 primis,
733 1572 953 1612 hortativus
991 1584 1061 1622 per
1096 1563 1423 1622 participium4¹⁰)
1460 1569 1522 1607 vel
1557 1567 1758 1618 imperfec-

230 1625 392 1684 tum4¹¹)
406 1631 593 1670 redditur.
630 1631 676 1669 In
696 1631 901 1670 sententiis
920 1631 1036 1669 rectis
1054 1629 1337 1679 temporalibus
1357 1626 1601 1667 coniunctivo
1621 1626 1758 1665 aoristi

227 1690 437 1739 respondet
460 1684 770 1743 perfectum.4¹²)
818 1689 927 1727 Idem
957 1688 1003 1727 fit
1031 1689 1071 1727 in
1101 1687 1300 1727 vertendis
1332 1685 1534 1725 sententiis
1565 1685 1757 1724 condicio-

226 1749 399 1799 nalibus‚
431 1761 531 1798 quae
562 1748 611 1787 ab
643 1744 718 1787 ἐὰν
747 1747 1016 1786 coniunctione
1046 1747 1252 1796 incipiunt,
1283 1745 1397 1784 modo
1422 1745 1475 1783 sit
1499 1743 1755 1782 conclusionis

228 1807 423 1845 sententia
441 1807 607 1847 irrealis.
645 1806 855 1856 Ceteroqui
867 1806 1133 1845 coniunctivus
1152 1807 1234 1843 tam
1253 1803 1470 1854 praesentis
1490 1814 1607 1852 quam
1621 1801 1756 1840 aoristi

227 1866 270 1904 in
293 1865 497 1904 sententiis
522 1866 638 1904 rectis
662 1865 775 1904 modo
800 1858 1104 1916 imperfecto⁴¹⁸)
1130 1863 1244 1902 modo
1262 1855 1549 1912 participio⁴¹⁴)
1569 1860 1755 1898 redditur.

230 1944 280 1951 ——-
316 1922 570 1974 Optativus
606 1924 647 1962 in
684 1923 887 1962 sententiis
923 1922 1060 1972 primis
1095 1922 1159 1962 vel
1189 1913 1494 1972 imperfect0⁴1⁵)
1534 1919 1597 1958 vel
1633 1918 1754 1967 parti-

228 1976 407 2034 cipioffl)
440 1982 670 2031 exprimitur
707 1982 770 2021 vel
805 1994 876 2031 per
911 1981 1102 2020 ambitum
1132 1979 1326 2030 quendam
1355 1979 1563 2018 verborum
1600 1989 1756 2026 quoquo

228 2041 343 2079 modo
368 2041 603 2079 circumitur.
612 2035 684 2093 417)
727 2040 774 2078 In
798 2039 1002 2079 sententiis
1026 2039 1142 2078 rectis
1168 2037 1379 2087 optativus,
1403 2037 1436 2075 si
1461 2047 1670 2084 suspensus
1697 2038 1757 2074 est

228 2105 277 2144 ab
303 2101 452 2153 ὁεάκιε,
478 2105 684 2154 participio
715 2105 846 2144 iuncto
878 2116 965 2143 cum
996 2103 1167 2153 perfecto
1195 2102 1304 2141 verbi
1338 2091 1514 2152 leam),
1545 2100 1577 2137 si
1608 2100 1658 2138 ab
1688 2096 1759 2138 ἵνα

230 2172 271 2208 et
294 2166 352 2207 ὼε
377 2169 713 2208 coniunctionibus
737 2168 895 2219 pendet,
926 2161 1254 2219 imperfecto⁴¹⁹),
1283 2164 1483 2215 ceteroqui
1505 2157 1756 2215 perfectoffl)

230 2227 419 2267 redditur.
454 2247 501 2254 —
541 2227 895 2266 Sententiarum
934 2226 1099 2276 denique
1133 2223 1528 2265 condicionalium
1561 2224 1759 2260 structura

228 2304 275 2330 ea
302 2293 373 2341 est,
398 2293 443 2330 ut
467 2291 506 2329 in
526 2292 730 2330 sententiis
755 2290 1035 2341 potentialibus
1059 2289 1234 2329 condicio
1253 2282 1323 2327 fiat
1346 2300 1415 2337 per
1438 2277 1486 2346 xl
1511 2298 1599 2325 cum
1618 2285 1758 2335 imper-

229 2363 351 2411 fecto,
381 2361 575 2401 conclusio
600 2374 671 2411 per
694 2361 965 2411 imperfectum
974 2354 1046 2411 4²¹)
1073 2361 1136 2399 vel
1160 2357 1333 2398 condicio
1357 2370 1428 2408 per
1452 2346 1500 2417 xl
1524 2367 1613 2394 cum
1638 2355 1757 2405 parti-

228 2427 346 2477 cipio,
379 2426 572 2465 conclusio
605 2439 674 2476 per
697 2418 1039 2477 participium422),
1069 2424 1108 2462 in
1139 2422 1346 2462 irrealibus
1370 2420 1564 2460 conclusio
1589 2419 1659 2458 fiat
1687 2431 1757 2469 per

229 2491 479 2542 participium
510 2491 685 2528 iunctum
716 2502 805 2528 cum
834 2490 1007 2540 perfecto
1039 2488 1148 2528 verbi
1179 2477 1285 2536 loon,
1317 2484 1489 2525 condicio
1520 2497 1589 2533 per
1612 2475 1688 2522 GRK
1718 2485 1759 2522 et

230 2554 524 2614 perfectum⁴²3)
549 2560 613 2599 vel
643 2559 894 2610 participium
928 2571 1016 2597 cum
1040 2559 1210 2608 perfecto
1236 2556 1345 2597 verbi
1376 2544 1465 2603 1009
1501 2546 1757 2604 iunctumffl)

228 2625 292 2664 vel
317 2625 567 2663 enuntiatum
592 2618 874 2673 nominale.⁴²⁵)
904 2643 951 2650 —
981 2621 1301 2672 Imperativus
1327 2619 1439 2658 modo
1465 2617 1609 2657 directo
1633 2619 1758 2656 traus-

229 2684 371 2731 fertur,
404 2684 518 2722 modo
550 2682 778 2721 circumitur
808 2681 881 2729 ita,
912 2684 957 2719 ut
986 2683 1156 2730 ponatur
1184 2677 1432 2730 participium
1462 2676 1637 2715 iunctum
1669 2688 1757 2714 cum

229 2741 537 2800 imperativo⁴²⁶)
568 2748 630 2786 vel
667 2746 892 2796 imperfecto
917 2746 1025 2785 verbi
1051 2734 1235 2796 100).⁴²⁷)
1282 2740 1609 2781 Prohibitivus
1639 2740 1757 2779 infor-

230 2819 364 2856 matur
388 2829 456 2866 per
488 2811 515 2861 ll
548 2818 588 2855 et
611 2816 881 2867 imperfectum
906 2816 968 2854 vel
994 2815 1241 2865 participium
1270 2823 1357 2851 oum
1387 2810 1614 2861 imperfecto
1645 2808 1756 2849 verbi

229 2876 317 2934 1009
343 2887 529 2926 iunctum.
571 2886 784 2936 Participia
807 2886 856 2925 ad
875 2886 1126 2935 imperativos
1145 2882 1341 2934 applicata
1365 2884 1564 2931 tamquam
1588 2879 1756 2929 impera-
