1820 3126
581 134 872 173 Lucubrationes
898 133 1180 180 Syro-Graecae.
1573 131 1660 174 479

105 253 222 290 natus
248 251 314 290 sis.
363 249 451 288 Etsi
476 249 682 288 luctantur
706 249 863 297 fratres,
891 247 986 299 quid
1010 249 1082 286 tua
1105 247 1301 286 interest?
1345 246 1430 298 Ipsi
1455 246 1560 286 enim
1586 245 1663 285 fra-

105 314 186 350 tres
212 312 306 350 sunt
328 311 371 348 et
394 309 700 348 reconciliantur
724 311 765 348 et
789 309 1048 348 contemnunt
1073 309 1113 346 te
1139 308 1341 346 mentibus
1367 306 1487 346 suis.“

222 371 289 409 36.
320 368 422 419 „Per
446 368 640 420 semitam,
666 369 734 407 ubi
759 369 844 407 rixa
869 369 940 415 est,
967 379 1061 406 cave
1082 368 1261 406 transeas
1282 380 1331 406 ne
1351 366 1421 405 ubi
1448 365 1666 414 transieris,

106 430 209 469 male
241 429 409 479 habeas,
444 430 516 467 aut
547 429 580 467 si
605 426 835 479 separandis
860 427 1082 466 rixantibus
1109 439 1269 476 operam
1295 426 1470 476 dederis,
1499 426 1666 475 vapules

103 491 313 539 vestesque
348 490 441 527 tuae
477 488 727 527 maculentur
761 491 819 537 et,
857 486 892 526 si
925 486 982 525 ibi
1016 487 1241 526 constiteris
1274 488 1315 525 et
1345 485 1470 525 oculis
1503 485 1664 524 circum-

105 548 292 599 spexeris,
317 548 539 587 testimonii
563 560 683 587 causa
706 548 747 586 in
772 546 964 586 iudicium
987 543 1179 587 voceris.“

226 614 293 653 37.
326 613 551 664 „Vapulare
577 613 642 653 odi
668 614 708 652 et
734 625 875 663 sperne
901 613 1016 651 edere
1042 612 1189 650 falsum
1215 609 1510 650 testimonium“
1535 605 1611 665 (=
1634 611 1666 649 si

104 673 245 723 oderis,
271 668 442 724 sperne).

223 731 332 772 Conf.
356 732 487 771 Plaut.
509 732 665 771 Asinar.
684 746 719 771 v.
742 733 825 772 562
842 744 870 771 S.
887 744 916 771 s.
944 732 1028 771 569
1043 743 1072 770 s.
1099 751 1146 757 —-
1171 730 1307 770 Verba
1332 731 1519 770 videntur
1541 730 1666 769 fuisse

103 793 207 833 senis
243 804 332 832 cum
366 792 670 831 comminatione
702 804 858 831 servum
890 791 938 830 de
972 803 1106 830 amore
1138 790 1211 829 filii
1243 790 1499 839 sciscitantis,
1534 790 1665 841 qualis

103 852 209 891 Simo
236 852 438 891 inducitur
462 851 568 901 apud
593 852 781 890 Plautum
807 852 992 890 Pseudul.
1019 865 1057 890 v.
1076 852 1159 890 462
1183 864 1211 890 s.
1234 863 1276 901 s.,
1301 851 1408 901 apud
1434 850 1664 890 Terentium

103 911 224 952 Andr.
250 925 286 952 v.
309 913 392 951 184
413 924 444 951 s,
466 924 507 960 s.,
533 913 617 950 437
641 924 670 950 s.
691 924 721 950 s.

221 979 288 1017 38.
329 977 457 1028 „Ama
490 978 779 1027 possessionem
812 979 854 1015 et
887 977 952 1016 odi
986 977 1150 1016 furtum.
1210 976 1413 1016 Possessio
1446 976 1549 1015 enim
1582 975 1666 1015 vita

105 1040 166 1077 est
190 1040 232 1076 et
256 1039 410 1076 furtum
434 1050 541 1076 mors
567 1035 664 1076 est.“

221 1096 333 1136 Conf.
359 1097 527 1137 Monost.
548 1098 645 1147 304,
673 1098 769 1146 288,
797 1098 894 1136 503.

224 1164 292 1202 39.
325 1163 479 1213 „Aures
504 1164 545 1201 et
569 1164 703 1201 oculos
729 1163 779 1201 ad
804 1163 933 1202 virum
958 1162 1107 1200 malum
1132 1162 1174 1200 in
1198 1162 1263 1201 via
1287 1175 1336 1201 ne
1363 1162 1500 1201 statim
1527 1161 1665 1200 adver-

105 1223 221 1271 teris,
251 1234 320 1271 ne,
353 1222 387 1261 si
417 1222 702 1261 animadvertis
727 1222 779 1261 ad
803 1223 968 1273 malum,
1004 1222 1227 1273 quicunque
1251 1225 1292 1260 te
1317 1222 1480 1273 viderit,
1516 1222 1663 1260 socium

102 1281 198 1320 mali
223 1284 264 1320 te
289 1282 464 1332 appellet
490 1283 571 1333 aut,
597 1282 631 1320 si
656 1282 692 1320 ei
716 1295 793 1321 non
819 1281 1107 1321 auscultaveris
1133 1295 1261 1332 neque
1279 1281 1405 1320 menti
1424 1281 1509 1320 eius
1529 1294 1665 1320 assen-

104 1342 216 1391 seris,
241 1341 395 1380 malitia
420 1353 492 1380 sua
515 1341 584 1380 ille
607 1341 684 1380 tibi
708 1342 900 1380 molestus
925 1339 1013 1380 sit.“

226 1399 335 1440 Conf.
362 1401 527 1440 Monost.
550 1403 617 1440 24.

222 1467 291 1505 40.
335 1464 459 1515 „Cum
498 1478 612 1505 servo
649 1467 752 1505 malo
789 1479 931 1516 panem
970 1467 1086 1505 edere
1120 1467 1219 1516 noli,
1256 1479 1306 1505 ne
1338 1467 1396 1504 eri
1427 1466 1512 1506 eius
1544 1467 1592 1505 de
1623 1468 1665 1505 te

106 1525 356 1575 suspicentur
381 1528 422 1564 te
446 1538 604 1565 servum
628 1526 805 1576 ipsorum
830 1526 955 1565 furari
980 1523 1154 1566 docere.“

222 1592 289 1630 41.
322 1589 421 1642 „Odi
441 1604 600 1630 servum
620 1592 768 1630 malum
790 1594 830 1631 et
849 1604 988 1642 sperne
1007 1592 1236 1642 ingenuum,
1257 1593 1324 1642 qui
1337 1592 1497 1631 furatur
1511 1587 1586 1646 (=
1599 1592 1663 1631 odi

104 1652 146 1689 et
176 1663 317 1700 sperne
343 1645 508 1702 aeque),
539 1651 632 1701 quia
655 1653 703 1690 ut
727 1664 867 1691 manus
893 1654 964 1690 tua
989 1664 1067 1691 non
1091 1652 1201 1692 valet
1226 1652 1277 1690 ad
1301 1652 1556 1691 occidendum
1583 1665 1664 1691 ser-

103 1723 197 1749 vum
221 1709 279 1748 ita
303 1722 353 1748 ne
379 1710 428 1749 ad
453 1711 669 1760 ingenuum
695 1711 853 1762 quidem
879 1710 1179 1750 cohibendum.“

221 1768 392 1808 Videtur
420 1769 618 1820 interpres
645 1770 769 1820 Syrus
803 1771 972 1822 exempli
997 1770 1137 1810 Graeci
1169 1771 1447 1810 crudelitatem
1476 1771 1662 1810 immuta-

103 1828 220 1868 visse.
275 1828 426 1868 Graeca
459 1829 564 1868 enim
595 1830 810 1881 sententia,
847 1831 923 1869 nisi
961 1830 1093 1870 omnia
1130 1844 1192 1870 me
1230 1832 1394 1882 fallunt,
1429 1832 1528 1871 haec
1559 1835 1662 1870 erat:

103 1887 295 1939 „Servum
315 1887 473 1939 quidem
493 1889 641 1927 malum
662 1890 838 1929 occidere
858 1890 963 1942 licet,
988 1891 1058 1930 sed
1078 1891 1294 1941 ingenuum
1314 1892 1432 1941 plane
1451 1904 1531 1930 non
1549 1893 1662 1942 potes

102 1945 321 1988 cohibere.“

127 2071 170 2111 ffi
220 2014 287 2090 4“2.
321 2012 515 2064 „Servum
539 2014 690 2053 malum
708 2014 806 2054 deus
826 2015 922 2067 odit,
948 2016 1042 2066 quia
1061 2029 1148 2056 eros
1170 2029 1261 2056 suos
1281 2017 1366 2056 odit
1386 2019 1426 2056 et
1444 2017 1664 2068 ignominia

103 2084 127 2111 a
171 2072 234 2111 cit.

221 2139 288 2177 43.
327 2137 392 2187 „Si
426 2151 586 2179 servum
619 2140 768 2179 malum
803 2141 950 2181 videris
986 2143 1163 2181 extrema
1196 2142 1356 2182 miseria
1386 2142 1576 2182 afflictum
1612 2156 1662 2182 ne

105 2197 276 2237 dolueris
303 2199 351 2237 de
378 2210 422 2237 eo
450 2199 517 2238 sed
543 2199 667 2239 dicas:
694 2195 800 2239 ‘Eris
826 2201 908 2240 suis
935 2204 1129 2252 quantum
1154 2203 1299 2241 bonum
1327 2197 1580 2254 contingit.'“

220 2256 331 2297 Conf.
358 2257 524 2297 Monost.
546 2260 643 2299 345.

219 2324 288 2362 44.
319 2324 446 2375 „Ama
472 2336 629 2363 servum
656 2325 849 2376 sedulum,
875 2327 941 2377 qui
968 2327 1009 2365 in
1034 2327 1151 2367 domo
1176 2341 1334 2367 erorum
1355 2341 1517 2367 suorum
1537 2328 1662 2367 currit
1702 2358 1707 2364 .

102 2384 144 2421 et
167 2383 328 2422 sedulus
354 2381 451 2423 est.“

219 2441 329 2481 Nihil
354 2443 437 2482 fere
462 2443 503 2481 in
527 2443 672 2483 fabulis
697 2457 823 2484 novae
847 2447 1072 2486 comoediae
1099 2447 1346 2498 frequentius
1369 2450 1455 2486 erat
1474 2460 1592 2497 quam
1613 2447 1660 2486 de

104 2500 227 2540 servis
250 2504 333 2541 tam
357 2502 465 2552 frugi
490 2515 608 2554 quam
629 2516 800 2554 nequam
820 2506 1051 2547 sententiae.
1097 2506 1208 2547 Conf.
1228 2507 1331 2546 Men.
1350 2507 1427 2558 frg.
1442 2508 1540 2556 419,
1564 2508 1660 2556 668,

105 2561 201 2611 698,
227 2562 322 2611 699,
350 2564 447 2610 796,
475 2564 578 2613 802,
603 2563 768 2602 Philem.
789 2564 863 2615 frg.
885 2567 952 2616 22,
975 2568 1041 2615 31,
1063 2568 1131 2617 56,
1154 2568 1220 2616 95,
1244 2569 1346 2617 167,
1375 2567 1540 2605 Monost.
1566 2567 1661 2617 116,

107 2620 199 2668 133,
229 2622 328 2672 138,
355 2621 485 2660 Plaut.
506 2622 675 2661 Mostell.
696 2636 733 2662 v.
755 2624 838 2663 859
855 2637 947 2676 s.s.;
973 2625 1093 2666 Stich.
1115 2640 1151 2666 v.
1166 2628 1221 2666 58
1237 2639 1267 2665 s.
1282 2638 1331 2676 s.;
1357 2626 1471 2675 Epid.
1491 2638 1526 2664 v.
1543 2627 1596 2665 59
1614 2638 1662 2676 s.;

103 2677 287 2719 Pseudul.
311 2693 350 2720 v.
370 2683 456 2720 460
476 2693 518 2733 s.,
547 2683 673 2721 1102.

219 2745 288 2786 45.
319 2745 511 2798 „Omnem
536 2748 667 2787 virum
691 2747 842 2787 malum
866 2749 907 2788 in
932 2752 1166 2790 servitutem
1193 2751 1290 2789 deus
1316 2749 1427 2789 dedit
1445 2753 1486 2790 et
1505 2764 1659 2791 omnem

104 2801 234 2842 virum
257 2805 439 2845 sedulum
463 2806 514 2845 ad
538 2806 729 2847 honorem
756 2809 797 2847 et
820 2809 1087 2860 principatum
1112 2811 1323 2850 ascendere
1348 2807 1497 2850 decet.“

220 2862 331 2906 Conf.
355 2865 524 2906 Monost.
547 2868 613 2906 19.

222 2930 288 2971 46.
320 2931 495 2984 „Sperne
527 2935 568 2972 et
598 2932 665 2972 odi
695 2945 829 2972 senem
859 2934 1072 2986 lascivum,
1104 2935 1200 2987 quia
1230 2937 1277 2974 ut
1306 2947 1449 2974 manus
1481 2937 1551 2974 tua
1580 2948 1659 2974 non
