1820 3126
605 94 897 132 Lucubrationes
924 93 1209 139 Syro-Graecae.
1597 92 1684 134 469

464 270 503 308 4.
541 263 851 322 Πλουτάρχου
881 265 990 320 περὶ
1021 261 1340 320 ἀοργησίας.*)

124 367 175 407 A:
200 366 237 406 S.
267 380 304 416 p.
333 366 414 405 186
436 377 466 403 s.
487 376 516 403 s.
568 363 774 403 Plutarchi
809 362 980 402 Moralia
1015 362 1216 401 recensuit
1254 360 1299 401 G.
1325 361 1375 400 N.
1402 360 1684 401 Bernardakis.

205 425 365 476 Lipsiae
394 425 637 463 1888—92.
681 423 759 462 vol.
784 422 804 460 I
828 436 865 472 p.
895 423 948 461 16
970 434 1000 461 s.
1023 434 1051 461 s.
1096 422 1172 461 vol.
1199 421 1262 460 III
1286 435 1324 471 p.
1352 422 1434 460 178
1461 433 1490 460 s.
1511 434 1541 460 s.
1591 420 1685 459 Plu-

205 484 331 524 tarchi
350 483 516 523 Moralia
541 483 666 522 edidit
687 481 909 522 illustravit
934 481 979 519 D.
999 481 1281 532 Wyttenbach.
1320 480 1480 531 Lipsiae
1509 482 1682 520 1796—

206 545 331 584 1830.
367 543 440 583 vol.
467 542 509 581 H
532 556 570 593 p.
592 543 675 582 861
694 555 723 581 s.
745 554 774 581 s.
819 542 964 592 Ryssel
991 541 1015 580 1.
1037 541 1061 581 l.
1087 554 1125 591 p.
1153 542 1208 580 45
1225 553 1254 580 s,

238 615 351 662 Quod
375 614 418 653 in
435 614 655 653 tractandis
675 613 841 652 Luciani
861 615 901 652 et
922 612 1130 651 Themistii
1148 612 1297 651 libellis
1322 625 1402 651 non
1422 612 1507 651 sine
1527 625 1682 651 summo

122 689 209 715 meo
234 675 368 714 dolore
393 675 540 712 factum
562 675 633 722 est,
659 675 706 712 ut
724 673 904 712 codicum
924 671 1165 711 Graecorum
1185 672 1402 722 copiosiore
1426 672 1572 711 notitia
1596 672 1682 722 ipse

119 735 333 774 destitutus
358 746 499 785 essem,
524 734 563 772 id
589 734 629 772 in
655 733 907 772 Plutarchi
932 733 986 771 de
1011 733 1082 771 ira
1106 732 1280 771 libello
1305 732 1436 771 minus
1458 734 1520 771 est
1545 732 1678 771 dolen-

118 796 223 834 dum.
271 794 412 844 Neque
446 792 549 833 enim
580 792 629 832 de
660 793 847 832 universa
871 792 1093 843 apographi
1119 791 1259 831 Graeci
1291 804 1315 830 a
1340 791 1478 842 Sergio
1511 792 1681 831 adhibiti

117 854 355 894 auctoritate
379 865 506 904 neque
533 852 581 891 de
607 852 794 903 singulis,
820 864 918 903 quas
945 852 1181 902 exhibuerit,
1207 851 1416 902 scripturis
1442 852 1551 891 certo
1577 851 1679 890 iudi-

117 914 198 953 cari
222 915 356 964 potest
379 926 427 952 ex
451 913 651 964 versione,
682 913 795 951 cuius
819 912 1053 951 memoriam
1078 911 1271 951 effrenata
1306 912 1502 963 quaedam
1532 913 1681 951 retrac-

115 973 279 1013 tationis
304 972 465 1012 licentia
489 972 638 1022 passim
662 974 820 1011 tantum
845 984 924 1011 non
948 973 1076 1011 totam
1103 971 1364 1010 oblitteravit.
1417 970 1546 1017 Quid?
1572 972 1677 1021 quod

116 1046 166 1072 ne
196 1032 402 1083 Rysselius
436 1032 611 1082 quidem,
648 1031 717 1082 qui
748 1031 974 1072 versionum
1008 1030 1292 1082 Sergianarum
1321 1044 1438 1070 usum
1474 1032 1514 1070 in
1549 1044 1677 1070 emen-

117 1093 257 1132 dandis
283 1092 521 1142 scriptorum
547 1090 790 1131 Graecorum
822 1091 954 1130 verbis
980 1091 1087 1131 iusto
1112 1091 1276 1130 minoris
1307 1091 1392 1130 fere
1424 1091 1527 1130 solet
1559 1091 1677 1130 aesti-

116 1165 237 1203 mare,
262 1152 304 1190 in
329 1164 377 1190 ea
400 1152 581 1191 versione
606 1150 841 1191 excutienda
867 1150 964 1189 satis
990 1152 1104 1190 caute
1131 1151 1260 1203 egisse
1286 1150 1384 1189 mihi
1409 1151 1577 1190 videtur.

235 1211 492 1261 Paucissima,
518 1224 621 1262 quae
639 1223 730 1250 mea
749 1210 948 1284 sententia
967 1211 1135 1250 alicuius
1156 1211 1348 1250 momenti
1367 1212 1472 1262 sunt,
1499 1211 1573 1250 sub
1599 1224 1678 1251 uno

119 1273 335 1322 conspectu
358 1283 519 1321 ponam:
803 1286 805 1288 ·

235 1331 446 1370 Manifesta
471 1330 759 1380 exemplaris
787 1328 1011 1382 Sergiani
1035 1330 1160 1370 vitia
1184 1330 1297 1370 video
1323 1332 1495 1380 quatuor

235 1391 256 1429 I
281 1404 318 1440 p.
348 1391 442 1441 178,
465 1391 519 1429 14
539 1402 570 1429 s.
589 1402 618 1429 s.
645 1390 705 1428 ed.
730 1389 847 1428 Bern.
898 1390 979 1428 lbb.
1007 1389 1095 1429 Grr.
1124 1385 1163 1429 εἴ
1187 1401 1225 1429 τι
1257 1387 1438 1439 χρηςτόν
1471 1387 1496 1429 ὁ
1523 1387 1679 1439 χρόνος

116 1448 408 1499 προςτέθεικεν
435 1448 460 1499 ἢ
487 1449 574 1489 τῶν
600 1448 782 1498 φαυλῶν
808 1446 1027 1503 ἀφῄρηκεν
1078 1449 1104 1489 S
1131 1445 1170 1489 εἴ
1198 1461 1238 1489 τι
1263 1447 1444 1500 χρηςτόν
1471 1446 1495 1488 ὁ
1523 1447 1678 1499 χρόνος

115 1509 140 1559 ἢ
168 1507 339 1559 φαυλὸν
364 1503 676 1563 ἀφῄρηκενὸῌ),

235 1569 269 1606 V
299 1570 393 1618 184,
414 1570 467 1609 25
495 1569 576 1608 lbb.
597 1568 683 1608 Grr.
709 1568 905 1617 γονεῦςιν
943 1569 970 1608 S
995 1569 1057 1622 τῷ
1082 1567 1197 1617 γένει
1224 1563 1344 1623 (conf
1370 1583 1407 1619 p.
1433 1564 1630 1625 470)⁸¹²)‚

235 1628 336 1667 VIII
363 1630 458 1679 189,
481 1630 505 1668 3
531 1629 612 1667 lbb.
633 1628 722 1669 Grr.
749 1627 970 1678 Κτηςιφῶν
1014 1629 1041 1668 S
1070 1623 1356 1681 Κηςιφῶν813),

234 1689 292 1727 ΙΧ
321 1690 415 1737 190,
437 1689 489 1727 21
518 1683 980 1736 11)1).(Ξ11.Αντίγονος
1024 1688 1050 1727 S
1075 1684 1303 1737 Ἀντίοχος.
1314 1683 1385 1741 ⁸¹4)

234 1747 383 1787 Contra
408 1747 663 1787 confirmat
687 1747 847 1787 versio
873 1747 1072 1799 Syriaca
1095 1749 1247 1788 bonas
1274 1749 1511 1788 lectiones
1537 1762 1674 1799 prae-

118 1807 415 1847 stantissimi
440 1807 620 1846 codicis
645 1807 681 1845 D
707 1807 816 1858 duas,
842 1807 992 1847 scilicet

232 1866 274 1906 II
301 1868 397 1918 181,
419 1868 443 1906 2
470 1863 716 1916 τάπιτήδεια
740 1880 812 1916 pro
837 1868 1003 1918 vulgato
1029 1864 1082 1907 τὰ
1107 1862 1375 1921 χρήςιμα815),

233 1926 290 1965 IX
317 1928 413 1976 190,
435 1927 488 1965 22
515 1924 615 1965 τοὺς
639 1940 711 1976 pro
736 1927 901 1977 vulgato
907 1901 992 1966 ⁰611
1018 1922 1209 1980 rossem),

231 1986 433 2024 hominum
458 1986 665 2026 doctorum
691 1986 936 2026 coniecturas
961 1989 1044 2026 tres

231 2045 268 2082 V
291 2046 386 2095 185,
410 2047 432 2084 7
458 2045 734 2097 Herwerdeni,
770 2059 890 2097 quam
915 2047 1086 2097 protulit
1113 2047 1154 2086 in
1179 2047 1457 2099 Mnemosyncs
1482 2050 1557 2089 vol.
1584 2050 1678 2090 XIX

113 2120 151 2157 p.
174 2107 255 2145 286
290 2103 342 2154 μὴ
374 2105 514 2145 ποιεῖν
545 2102 774 2154 ἐμποδίους
807 2100 910 2160 (sive
936 2101 1158 2161 ἐμποδὼν)
1189 2107 1280 2147 τοῖς
1306 2105 1424 2187 ἐμοῖς
1449 2105 1590 2158 ἔργοις
1617 2108 1676 2149 λί-

115 2167 217 2205 θους
242 2177 313 2215 pro
339 2165 499 2203 traditis
525 2163 578 2214 μὴ
604 2165 745 2204 ποιεῖν
771 2163 818 2204 ἑν
844 2163 962 2215 ἐμοῖς
987 2162 1128 2215 ἔργοις
1154 2163 1298 2207 λίθους
1307 2151 1391 2221 ⁸³¹⁷),

233 2224 292 2263 XI
318 2225 489 2274 196,18
509 2224 777 2263 Bernardakis
804 2221 895 2265 εἶτα
918 2226 1118 2275 φανεῖται
1143 2240 1214 2277 pro
1241 2223 1306 2267 ἀεὶ
1332 2227 1543 2278 φανεῖται,
1571 2229 1677 2279 quod

118 2284 341 2334 Madvigius
366 2284 408 2322 in
433 2279 715 2333 ἀναφανεῖται
739 2285 888 2324 mutari
912 2280 1130 2339 voluit⁸¹⁸),

236 2343 314 2382 XII
343 2344 438 2394 198,
461 2345 484 2382 7
512 2343 662 2382 Reiskii
687 2339 866 2391 ἄγνοιαν
890 2357 962 2395 pro
989 2341 1152 2385 ἄνοιαν
1159 2341 1231 2399 ⁸¹⁹)

236 2403 414 2453 Denique
452 2416 519 2442 sex
557 2415 704 2442 novae
742 2404 1015 2454 scripturae
1055 2418 1104 2444 ex
1140 2406 1321 2445 versione
1360 2406 1522 2457 Syriaca
1564 2408 1674 2448 inno-

117 2465 285 2515 tescunt,
311 2474 413 2514 quae
434 2462 647 2502 videantur
664 2463 845 2513 protinus
871 2466 1252 2514 comprobandae
1277 2468 1349 2505 aut
1371 2469 1477 2506 certe
1498 2469 1674 2508 conside-

119 2523 266 2562 randae
291 2534 388 2561 esse.

237 2582 277 2620 II
304 2582 476 2631 181,14
502 2580 583 2619 lbb.
610 2580 698 2620 Grr
724 2579 920 2630 τυραννὶς
964 2583 991 2623 S
1017 2581 1236 2633 τύραννος.
1287 2583 1396 2624 Conf
1423 2597 1506 2636 cap
1526 2585 1563 2624 V
1590 2583 1674 2628 ἔςτι

119 2638 200 2691 γάρ
227 2652 299 2690 τις,
325 2636 360 2679 ὦ
386 2637 538 2689 ἑταῖρε,
564 2636 712 2689 πρώτη
738 2638 926 2692 καθάπερ
951 2640 1162 2693 τυράννου
1188 2639 1500 2699 κατάλυςιςθῖθ),

235 2700 278 2740 Π
305 2701 400 2750 181,
425 2701 477 2738 21
506 2700 585 2739 lbb.
614 2698 702 2739 Grr.
729 2698 1027 2749 παρατίθενται
1077 2703 1102 2742 S
1134 2700 1540 2756 προπαρατίθενται,
1568 2707 1672 2757 quod

121 2773 209 2799 cum
235 2759 433 2800 sententia
456 2771 650 2810 perquam
675 2755 948 2814 convenitssffl),

238 2896 271 2943 *)
296 2897 327 2932 D
349 2913 392 2927 =
412 2896 530 2934 codex
552 2895 741 2933 Parisinus
770 2900 871 2943 1956,
896 2898 920 2935 S
941 2916 985 2930 ==
1004 2899 1260 2946 apographum
1287 2899 1416 2948 Sergii.
