1820 3126
211 147 296 187 380
826 148 866 181 Α.
887 147 1120 183 Baumstark:

208 257 307 296 illud
344 257 572 296 retractavit
611 257 763 295 saeculo
800 270 899 296 nono
931 258 1054 310 Kosta
1082 258 1209 297 Lucae
1240 258 1343 297 filius
1374 259 1556 297 medicus.
1613 258 1732 297 Cuius

211 316 312 355 libro
338 316 440 355 hunc
465 316 546 354 fere
571 315 822 354 informemus
847 316 958 355 nobis
984 316 1143 355 titulum
1169 317 1288 355 fuisse

206 405 291 459 ulo
323 426 378 469 ως
410 411 567 467 wa)...
601 416 731 467 affia-
764 402 881 448 mas
912 406 1078 473 „astu
1110 393 1250 471 sgffijss
1282 406 1455 450 aarum
1495 406 1611 457 cac-s

1589 509 1734 575 &2155

326 599 469 648 „Liber
493 598 753 647 agriculturae
773 597 943 637 Graecae
967 599 1154 649 sapientis
1180 598 1327 652 Kostae
1353 600 1563 638 secundum
1587 600 1732 639 versio-

207 670 296 696 nem
322 657 450 706 Sergii
474 657 584 696 Eliae
608 656 679 695 filii
704 653 877 695 Graeci.“

323 716 424 754 Eum
448 716 594 754 librum
619 714 795 754 adhibuit
824 715 996 764 aequalis
1026 715 1102 753 viri
1126 715 1285 754 Rhases.
1327 715 1417 754 Mox
1442 716 1537 755 adeo
1562 717 1730 756 invaluit

207 774 299 812 libri
329 774 562 824 auctoritas,
594 776 638 812 ut
668 774 936 812 vetustissima
966 786 1141 823 quaeque
1173 775 1213 812 et
1242 774 1407 812 maxime
1431 776 1640 824 peregrina
1663 776 1730 814 ad-

208 833 342 871 mirari
368 832 475 871 soliti
499 832 728 881 scriptorem
754 832 897 870 saeculi
920 833 1012 870 noni
1033 832 1204 870 Arabem
1223 844 1294 882 pro
1314 833 1544 882 perantiquo
1563 834 1731 883 quodam

209 891 439 940 philosopho
464 890 612 930 Graeco
643 890 844 929 haberent.
890 890 935 928 Id
967 890 1069 940 quod
1100 902 1144 929 eo
1170 890 1323 928 facilius
1347 890 1432 929 fieri
1455 893 1629 942 poterat,
1655 905 1731 942 quo

210 949 339 987 minus
370 950 476 988 recte
515 949 788 998 intelligebant
817 949 938 987 verba
970 964 1136 1008 002*
1169 958 1300 1008 54?st
1331 950 1566 999 „secundum
1592 951 1734 989 versio-

210 1032 298 1058 nem
324 1017 484 1070 Sergii“.
532 1019 595 1058 Ita
625 1019 765 1057 accidit
794 1020 841 1056 ut
871 1019 988 1057 etiam
1014 1030 1153 1056 nomen
1177 1018 1251 1056 viri
1275 1018 1549 1059 immutaretur
1574 1021 1623 1059 ad
1647 1033 1732 1059 nor-

213 1090 315 1116 mam
355 1078 554 1116 nominum
587 1077 823 1116 Graecorum
854 1077 894 1115 in
925 1087 971 1116 oc
1003 1076 1273 1115 desinentium.
1333 1077 1479 1116 Eadem
1512 1079 1734 1118 confusione

206 1132 310 1185 Hag'i
343 1135 482 1174 Chalfa
517 1138 557 1175 et
588 1135 773 1174 librarius
803 1135 944 1174 codicis
975 1134 1248 1184 Lugdunensis
1280 1148 1325 1174 eo
1356 1136 1515 1175 adducti
1545 1139 1651 1185 sunt,
1690 1140 1735 1176 ut

208 1195 370 1245 antiqui,
389 1207 502 1244 quem
522 1193 719 1232 mentibus
739 1193 814 1232 sibi
833 1194 1025 1232 finxerant
1036 1193 1198 1244 Kostfis‚
1218 1193 1361 1232 librum
1379 1207 1403 1233 a
1416 1194 1551 1244 Sergio
1568 1195 1734 1235 Arabice

209 1253 405 1291 redditum
442 1265 527 1291 esse
564 1253 760 1302 putarent.
819 1252 1007 1290 Poterant
1042 1254 1171 1290 autem
1209 1264 1254 1290 eo
1292 1252 1545 1292 confidentius
1582 1248 1733 1306 putare,

212 1312 314 1361 quod
341 1311 408 1349 alii
433 1323 604 1361 quoque,
630 1313 675 1349 ut
698 1310 878 1358 vidimus,
904 1311 994 1349 libri
1019 1309 1199 1360 Sergiani
1223 1310 1305 1349 sine
1330 1311 1555 1361 interpretis
1579 1313 1734 1352 nomine

210 1369 375 1408 Arabice
400 1370 505 1408 versi
530 1369 903 1408 circumferebantur
927 1369 1285 1419 confudebaturque
1305 1369 1465 1420 Sergius
1483 1371 1733 1410 Resalnensis

207 1429 255 1466 ab
282 1427 479 1467 Arabibus
512 1441 598 1466 cum
629 1428 844 1476 interprete
871 1427 1002 1466 Arabe
1026 1427 1091 1466 Ma
1115 1424 1253 1478 Sirg'is.
1283 1448 1332 1454 —
1363 1428 1468 1467 Haec
1498 1429 1653 1478 quidem
1685 1430 1733 1468 de

207 1487 343 1536 Sergio
368 1486 479 1524 Eliae
505 1486 594 1525 filio.

327 1545 437 1583 Idem
475 1547 535 1583 est
571 1546 653 1583 sine
690 1544 955 1583 controversia
986 1538 1222 1594 „Serg'fin“
1252 1545 1387 1583 Eliae
1420 1545 1555 1583 filius
1591 1545 1730 1585 Grae-

209 1598 368 1656 cus¹⁶¹)
388 1604 571 1641 laudatus
596 1604 636 1641 in
655 1603 748 1642 cod.
768 1603 879 1641 bibl:
895 1602 1040 1652 Lugd.
1058 1602 1220 1641 Batav.
1243 1605 1353 1642 1034
1373 1598 1597 1656 (Warner.
1619 1601 1733 1655 680),

208 1675 283 1711 quo
303 1662 524 1700 continetur
543 1661 758 1700 Ptolemaei
777 1658 934 1709 μεγάλη
955 1658 1140 1701 (ύνταξιε
1158 1660 1326 1700 Arabice
1345 1674 1468 1701 versa.
1502 1661 1612 1708 Quod
1631 1663 1731 1700 enim

205 1721 298 1760 folio
324 1723 495 1759 extremo
521 1716 720 1770 „Serg'1‘1n“
745 1720 854 1758 Eliae
878 1719 1048 1758 filiuset
1070 1713 1294 1771 Hagg'ag'us
1320 1719 1477 1770 Iosephi
1503 1720 1605 1759 filius
1631 1733 1732 1759 anno

203 1779 321 1830 fugae
356 1780 438 1817 214
470 1778 562 1816 libri
593 1778 729 1817 Graeci
758 1779 975 1817 versionem
1006 1777 1215 1817 Arabicam
1251 1778 1507 1829 perhibentur
1536 1779 1586 1817 ad
1615 1779 1732 1818 finem

206 1838 450 1887 perduxisse,
481 1837 584 1874 idem
615 1849 725 1875 error
749 1837 848 1875 latet
879 1839 996 1887 atque
1021 1837 1060 1875 in
1091 1837 1317 1876 testimonio
1341 1831 1449 1887 Hagi
1474 1836 1653 1887 Chalfae,
1684 1838 1732 1876 de

203 1909 281 1945 quo
306 1896 461 1945 copiose
487 1895 781 1945 disputavimus.
824 1895 928 1933 Nam
952 1895 1049 1934 duos
1073 1896 1249 1935 homines
1271 1896 1423 1934 Arabes
1447 1895 1564 1934 simul
1587 1896 1629 1934 in
1652 1908 1730 1935 uno

202 1954 304 1992 libro
336 1954 522 1993 vertendo
553 1954 703 1992 versari
734 1954 869 1992 solitos
901 1966 984 1992 esse
1015 1953 1055 1992 id
1086 1955 1336 1993 vehementer
1365 1966 1502 1992 vereor
1530 1966 1580 1992 ne
1609 1955 1729 1993 nullis

206 2013 335 2061 possit
359 2012 544 2061 exemplis
564 2012 680 2050 certis
699 2013 929 2051 confirmari.
972 2012 1144 2062 Accedit,
1168 2015 1214 2051 ut
1231 2012 1310 2050 iam
1331 2012 1434 2051 circa
1452 2025 1595 2050 annum
1614 2013 1731 2064 fugae

208 2072 292 2109 214
316 2071 436 2110 libros
463 2070 630 2109 Graecos
662 2071 809 2109 directo
841 2084 861 2109 e
887 2070 1036 2109 Graeca
1059 2071 1197 2121 lingua
1219 2071 1260 2109 in
1285 2070 1494 2109 Arabicam
1518 2071 1729 2110 translatos

204 2141 290 2168 esse
319 2129 468 2167 nullam
498 2141 658 2178 prorsus
689 2129 833 2168 habeat
863 2129 1032 2179 speciem
1061 2129 1366 2179 probabilitatis.
1406 2128 1579 2167 'Videtur
1608 2129 1731 2179 igitur

206 2188 323 2226 etiam
367 2187 583 2226 Ptolemaei
624 2187 873 2236 potissimum
916 2200 1014 2237 opus
1057 2200 1080 2226 a
1122 2187 1259 2237 Sergio
1303 2187 1533 2226 Resa'inensi
1575 2186 1731 2238 Syriaco

203 2258 362 2286 versum
395 2258 490 2284 esse.
551 2245 663 2284 Unde
692 2246 798 2284 facta
829 2249 889 2284 est
919 2258 1019 2284 anno
1050 2246 1167 2296 fugae
1193 2247 1277 2284 214
1309 2246 1436 2284 versio
1460 2245 1630 2285 Arabica
1660 2246 1731 2284 illa

203 2298 397 2355 Hag'g'ag'i.
956 2336 958 2338 ,

320 2362 374 2401 Ut
396 2363 446 2400 ad
471 2362 653 2412 scripta
672 2362 830 2413 Sergii
855 2362 1117 2402 enumeranda
1134 2364 1392 2413 transeamus,
1415 2362 1570 2401 initium
1587 2362 1729 2401 facien-

206 2422 298 2459 dum
324 2423 385 2460 est
408 2420 457 2459 ab
485 2420 539 2459 eis
565 2421 728 2468 chartis,
756 2433 855 2470 quae
880 2422 929 2459 ad
955 2421 1244 2472 theologiam
1267 2421 1526 2471 pertinebant.
1574 2420 1730 2460 Iuvenis

206 2480 309 2519 enim
335 2479 516 2518 videntur
539 2479 672 2529 fuisse,
703 2479 768 2530 qui
794 2480 920 2518 acrius
945 2480 1063 2518 etiam
1087 2480 1128 2518 in
1153 2479 1395 2518 defendenda
1418 2479 1466 2518 de
1489 2490 1568 2517 una
1590 2481 1731 2518 natura

206 2537 352 2577 Christi
376 2537 552 2577 doctrina
577 2537 822 2577 fervesceret.
882 2538 978 2577 Eam
1011 2538 1129 2586 enim,
1160 2538 1235 2577 nisi
1264 2538 1398 2587 fallor,
1429 2537 1645 2576 oratione
1677 2537 1728 2577 de

204 2596 303 2635 fide
334 2608 385 2635 sc.
411 2596 775 2647 Monophysitarum
804 2596 940 2635 habita
970 2596 1214 2635 defendebat.
1263 2596 1389 2635 Multo
1418 2608 1511 2635 vero
1539 2595 1665 2634 maius
1690 2598 1730 2634 et

204 2655 444 2705 praeclarius
474 2655 523 2693 ad
555 2653 834 2693 defendendam
866 2654 1087 2704 opinionem
1118 2654 1480 2705 Monophysitarum
1511 2666 1609 2703 opus
1641 2666 1728 2692 con·

205 2713 305 2752 didit
324 2714 493 2752 sectator
512 2712 645 2752 Severi
663 2725 751 2752 cum
770 2713 989 2762 Dionysii
1006 2713 1345 2764 Areopagitae,
1370 2724 1469 2762 quae
1491 2711 1728 2762 ferebantur,

206 2773 368 2822 scripta,
399 2774 447 2811 ut
474 2771 524 2810 ad
554 2784 652 2821 quae
683 2773 819 2810 contra
843 2770 1175 2811 chalcedonenses
1198 2771 1494 2821 Monophysitae
1519 2781 1727 2819 provocare

207 2824 466 2884 solerent¹⁶²)‚
486 2831 641 2880 integra
658 2830 699 2868 in
716 2842 934 2869 samonem
951 2829 1155 2880 Syriacum
1174 2830 1405 2870 transferret
1428 2830 1469 2868 et
1484 2828 1727 2879 praefatione

207 2889 403 2929 uberrima
426 2889 619 2928 instructa
643 2889 787 2928 ederet.
836 2889 938 2927 Mira
960 2888 1117 2928 videtur
1140 2889 1367 2937 auctoritas,
1392 2886 1728 2936 frequentissimus

1784 0 1820 283 l

1814 285 1820 340 ἐ
