1820 3126
249 173 334 215 482
859 174 901 210 A.
921 174 1156 211 Baumstark:

367 285 433 324 75.
463 283 587 335 „Veni
611 284 694 323 sine
713 297 816 335 cura,
842 286 875 324 si
893 287 1022 325 vestes
1041 286 1201 324 fuerunt
1219 285 1404 335 pulchrae
1424 287 1464 325 et
1483 285 1516 325 si
1534 285 1774 336 marsupium

248 344 408 393 plenum
433 340 587 381 fuerit.“

364 401 495 440 Verba
520 403 647 450 erant,
671 401 748 440 nisi
771 402 905 452 fallor,
930 402 1144 441 meretricis
1170 403 1233 441 vel
1258 403 1421 442 ancillae
1446 404 1687 442 meretriciae
1713 403 1776 442 vel

248 461 371 499 leonis
403 461 467 499 vel
498 461 610 499 lenae
641 460 923 500 adolescentem
954 461 1210 509 excludentis,
1247 461 1314 511 qui
1342 474 1420 500 non
1450 462 1638 512 habebat,
1674 462 1778 512 quod

248 519 422 557 donaret.
466 517 573 557 Conf.
599 518 726 557 Plaut.
751 518 907 558 Asinar.
932 533 967 558 v.
991 521 1071 559 153
1087 532 1116 559 s.
1131 532 1177 570 s.;
1203 519 1440 559 Pseudu1.v.
1455 521 1536 559 246
1554 533 1582 559 s.
1598 533 1645 570 s.;
1670 520 1776 558 Pers.

248 591 282 616 v.
298 579 380 616 422
398 591 427 616 s.
439 589 486 627 s.;
512 577 665 616 Terent.
685 577 839 617 Phorm.
853 591 888 617 v.
900 579 983 616 485
997 591 1025 617 s.
1038 590 1084 628 s.;
1108 578 1208 618 Eun.
1221 592 1256 618 v.
1273 579 1326 617 54
1340 591 1387 629 s.;
1413 579 1586 628 Alciphr.
1601 592 1659 628 ep.
1674 579 1693 616 Ι
1708 580 1773 618 36.

364 637 429 674 76.
461 635 694 686 „Pulchram
718 637 847 675 reddit
872 637 1098 675 societatem
1122 638 1234 686 panis
1260 632 1333 689 (=
1353 631 1630 690 convivium).“

363 694 495 732 Verba
519 694 703 733 videntur
727 695 847 734 fuisse
872 695 1045 744 parasiti,
1071 695 1139 745 qui
1163 697 1327 744 patrono
1352 695 1539 747 instabat,
1564 697 1608 734 ut
1627 696 1676 733 ad
1696 708 1777 735 coe-

247 765 337 791 nam
362 755 579 792 vocaretur.

365 813 433 851 77.
462 811 631 862 „Multos
661 812 832 850 reddunt
863 812 1006 850 amicos
1038 812 1199 851 divitiae
1224 814 1279 861 et,
1310 812 1378 851 ubi
1401 825 1469 862 pes
1494 812 1661 851 hominis
1687 812 1778 850 titu-

247 870 368 920 bavit,
392 871 618 920 relinquunt
641 883 730 909 eum
756 870 870 909 amici
895 867 1064 910 omnes.“

362 928 469 968 Conf.
489 929 592 968 Men.
609 929 684 978 frg.
704 930 749 978 43
773 929 936 967 Philem.
954 929 1029 979 frg.
1051 931 1133 968 213
1154 943 1190 969 v.
1212 930 1263 968 13
1285 942 1314 968 s.
1329 942 1377 980 s.;
1404 929 1570 969 Monost.
1595 931 1661 979 32,
1683 931 1777 977 165,

248 988 342 1036 174,
369 989 464 1038 500,
491 989 587 1037 502,
614 989 714 1038 5073
739 987 867 1026 Plaut.
895 987 1013 1026 Stich.
1039 1001 1074 1027 v.
1094 989 1175 1027 521
1199 1001 1227 1027 s.

362 1048 428 1086 78.
460 1046 673 1096 „Pulchros
698 1046 826 1084 reddit
852 1059 1049 1085 sermones
1075 1047 1220 1085 donum
1244 1043 1415 1086 datum.“

361 1104 469 1144 Conf.
493 1105 567 1155 frg.
593 1105 676 1144 flor.
702 1105 786 1155 Syr.
809 1106 880 1155 753
905 1105 1033 1144 Plaut.
1055 1105 1211 1144 Trucul.
1232 1118 1265 1144 v.
1288 1107 1370 1144 928
1391 1117 1437 1155 s.;
1462 1105 1560 1143 Rud.
1587 1118 1622 1143 v.
1645 1106 1726 1144 716
1748 1117 1776 1143 s.

364 1165 429 1202 79.
461 1163 578 1213 „Noli
603 1175 689 1202 cum
715 1176 771 1213 eo,
797 1165 862 1213 qui
887 1164 1004 1202 ditior
1022 1166 1062 1202 te
1081 1165 1153 1215 est,
1179 1164 1353 1214 quotidie
1372 1176 1514 1213 panem
1534 1164 1658 1213 edere,
1685 1163 1778 1212 quia

245 1222 279 1260 si
313 1223 543 1261 adversatus
573 1222 645 1260 tibi
676 1222 751 1260 erit
782 1222 831 1271 is,
871 1222 938 1271 qui
969 1223 1142 1271 quotidie
1173 1225 1212 1260 te
1243 1234 1339 1261 cena
1363 1222 1572 1271 exceperit,
1609 1225 1648 1260 ct
1672 1223 1716 1259 tu
1743 1221 1778 1259 ei

244 1282 474 1319 adversatus
506 1281 601 1330 eris,
632 1293 696 1330 ea,
727 1293 825 1330 quae
858 1293 928 1329 per
959 1281 1123 1330 triginta
1153 1281 1235 1319 dies
1266 1280 1490 1331 collegeris,
1522 1283 1658 1318 contra
1689 1292 1775 1317 eum

247 1350 456 1377 consumes
482 1341 522 1377 et
546 1334 620 1391 (=
640 1333 761 1392 part.)
786 1341 985 1388 postremo
1009 1341 1049 1377 te
1073 1339 1157 1389 ipse
1181 1336 1418 1378 interimes.“

359 1398 544 1436 Fortasse
581 1398 628 1436 de
666 1398 753 1435 alea
789 1397 1037 1448 cogitandum
1075 1400 1144 1436 est.
1207 1397 1313 1436 Conf.
1347 1397 1519 1447 Alciphr.
1552 1410 1610 1446 ep.
1629 1397 1691 1435 III
1711 1398 1776 1436 54.

245 1456 322 1495 Sed
347 1457 542 1506 scriptura
567 1455 727 1506 Syriaca
751 1456 846 1494 mihi
870 1456 1024 1494 videtur
1047 1469 1238 1506 perquam
1261 1456 1412 1495 incerta
1436 1469 1531 1495 esse.

363 1516 428 1554 80.
466 1515 702 1565 „Laetificat
738 1527 804 1553 cor
841 1515 1055 1554 stultorum
1091 1515 1330 1565 harioliatio,
1369 1515 1579 1565 stupefacit
1608 1516 1776 1552 mentem

242 1574 441 1612 fatuorum
466 1586 529 1611 ars
555 1571 801 1612 Chaldaicaf‘

362 1632 609 1671 Somniorum
645 1633 895 1671 coniectionis
933 1633 1111 1682 exempla
1148 1633 1303 1671 obviam
1335 1635 1428 1671 sunt
1457 1632 1561 1681 apud
1591 1631 1777 1669 Plautum

245 1691 361 1730 Merc.
386 1704 421 1730 v.
445 1692 525 1730 225
549 1703 578 1729 s.
598 1703 647 1741 s.;
672 1691 771 1730 Rud.
790 1704 825 1730 v.
848 1692 930 1730 593
953 1703 982 1730 s.
1003 1703 1031 1730 s.
1061 1712 1110 1718 —-
1140 1691 1242 1729 Tota
1265 1690 1306 1728 in
1330 1690 1628 1741 perstringenda
1646 1702 1776 1738 super-

245 1750 404 1789 stitione
427 1749 661 1789 versabatur
683 1746 825 1798 Ἱέρεια
849 1750 986 1788 fabula
1010 1749 1225 1789 Menandri.

363 1809 427 1847 81.
460 1807 525 1858 „Si
550 1809 638 1858 quis
662 1808 704 1846 in
727 1809 794 1847 via
818 1808 1008 1856 consistit,
1034 1808 1145 1847 deses
1171 1804 1267 1847 est.“

362 1867 546 1905 Fortasse
570 1867 691 1906 verba
717 1869 828 1905 erant
853 1866 957 1906 servi
981 1866 1146 1906 alicuius
1172 1879 1282 1905 suam
1306 1866 1347 1904 in
1370 1866 1592 1917 peragendo
1617 1865 1776 1904 consilio

246 1925 455 1976 segnitiam
482 1926 555 1964 sibi
580 1925 851 1975 exprobrantis
876 1925 1126 1974 animumque
1152 1937 1265 1964 suum
1290 1924 1612 1974 redintegramus,
1643 1924 1776 1974 quales

243 1985 482 2023 inducuntur
513 1983 617 2033 apud
642 1983 828 2022 Plautum
851 1984 1039 2022 Libanius
1064 1983 1219 2022 Asinar.
1252 1997 1287 2023 v.
1310 1984 1411 2032 249,
1441 1982 1634 2021 Acanthio
1661 1982 1776 2021 Merc.

243 2057 280 2083 v,
302 2045 381 2081 111
407 2055 436 2081 s.
457 2055 503 2092 s.,
532 2042 750 2082 Pseudulus
776 2042 959 2082 Pseudul.
986 2056 1020 2082 v.
1041 2043 1124 2082 394
1145 2055 1175 2081 s.
1194 2055 1240 2091 s.,
1267 2042 1370 2091 apud
1396 2041 1621 2080 Terentium
1646 2041 1776 2079 Davos

243 2101 365 2141 Andr.
390 2115 426 2140 v.
448 2103 530 2140 206
552 2114 581 2140 s.
602 2114 631 2140 s.

361 2162 428 2199 82.
459 2160 623 2211 „Affigit
647 2160 752 2199 cruci
775 2156 1000 2199 furacitas.“

359 2218 472 2258 Servi
495 2219 603 2269 frugi
627 2219 810 2257 videntur
833 2219 965 2257 fuisse.
1014 2217 1122 2258 Conf.
1147 2218 1222 2268 frg.
1248 2218 1331 2258 flor.
1358 2217 1440 2268 Syr.
1465 2219 1530 2256 22.

360 2279 426 2316 83.
457 2277 604 2327 „Docet
627 2277 935 2316 fraudulentiam
960 2279 1000 2315 et
1023 2277 1275 2316 furacitatem
1299 2277 1396 2315 hora
1419 2273 1559 2315 mala.“

360 2336 473 2375 Servi
502 2348 688 2386 nequam,
724 2336 801 2374 nisi
831 2336 964 2387 fallor,
998 2337 1118 2375 verba
1149 2338 1261 2375 erant
1290 2335 1445 2386 incerti,
1478 2347 1556 2384 qua
1580 2335 1664 2372 arte
1689 2334 1775 2372 erili

242 2395 323 2434 filio
347 2393 553 2444 pecuniam
578 2394 904 2434 subministraret.

360 2455 427 2493 84.
456 2453 649 2503 „Prohibe
673 2454 854 2492 iuvenem
879 2465 902 2492 a
926 2450 1075 2492 malis.“

359 2511 583 2563 Paedagogi
607 2514 677 2550 aut
700 2511 908 2551 severioris
934 2512 1037 2550 senis
1061 2512 1183 2550 fuisse
1208 2511 1328 2551 verba
1352 2509 1583 2560 putaverim,
1612 2510 1678 2560 qui
1703 2509 1773 2548 mi-

243 2571 385 2609 tiorem
410 2582 543 2610 senem
567 2572 752 2620 moneret,
778 2572 823 2608 ut
847 2570 1035 2609 acriorem
1059 2572 1211 2620 patrem
1237 2582 1277 2608 se
1302 2569 1382 2608 filio
1406 2568 1623 2618 praeberet.
1663 2567 1771 2608 Conf.

242 2629 373 2670 Plaut.
398 2629 579 2668 Bacchid.
603 2642 640 2668 v.
660 2630 743 2668 405
765 2640 793 2668 s.
813 2640 860 2678 s.;
888 2629 1045 2667 Terent.
1070 2628 1235 2678 Adelph.
1261 2641 1297 2667 v.
1318 2628 1368 2666 81
1393 2640 1421 2667 s.
1442 2639 1470 2665 ε.

361 2690 428 2727 85.
460 2717 481 2738 „
492 2685 579 2737 [Et]
612 2688 748 2727 domus
781 2688 1046 2727 litteratorum
1077 2700 1102 2726 a
1133 2690 1259 2726 morte
1290 2686 1426 2736 procul
1457 2685 1614 2724 abducit
1645 2687 1686 2724 et
1708 2697 1772 2723 ars

243 2747 386 2786 liberat
411 2760 434 2785 a
458 2745 596 2785 malo.“

360 2805 469 2844 Conf.
495 2805 594 2844 Men.
621 2805 694 2855 frg.
717 2805 770 2844 68
795 2817 832 2843 v.
854 2806 896 2854 33
924 2805 1088 2844 Monost.
1109 2806 1205 2852 275,
1225 2805 1319 2853 309,
1339 2805 1435 2842 312.

362 2866 427 2903 86.
459 2863 626 2915 „Divina
649 2863 764 2902 lectio
789 2857 864 2916 (=
884 2860 1000 2903 θεῖόν
1024 2874 1063 2902 τι
1087 2864 1151 2903 vel
1176 2862 1301 2902 simile
1325 2856 1490 2913 aliquid)
1515 2861 1579 2900 lex
1603 2858 1697 2899 est.“

360 2921 467 2962 Conf.
495 2923 600 2962 Men.
622 2922 696 2973 frg.
718 2923 812 2962 635.
