1820 3126
572 146 864 183 Lucubrationes
889 144 1174 192 Syro-Graecae.
1565 142 1650 185 367

98 263 256 313 quidem
281 260 509 300 versionum
531 259 812 310 Sergianarum
837 258 1022 297 notitiam
1049 258 1201 296 nullam
1226 255 1426 304 habuerit,
1452 255 1521 294 sed
1546 255 1652 306 quod

97 324 148 362 ab
172 320 352 371 Honaino
384 319 578 370 quaedam
605 320 847 358 retractatae
873 329 960 356 esse
990 317 1320 367 perhibebantur,
1351 318 1502 354 temere
1534 315 1651 354 colle-

97 381 201 433 gerit
218 379 425 419 mediocris
446 391 581 418 omnes
597 379 694 417 artis
714 378 849 429 fuisse,
869 389 1048 428 quaeque
1061 376 1322 427 perpolientis
1343 377 1384 414 et
1404 374 1651 414 emendantis

97 453 256 480 manum
285 439 524 489 flagitarent.
573 437 798 489 Honainum
833 449 927 476 vero
960 437 1077 486 longe
1108 437 1186 475 alio
1221 437 1340 486 atque
1371 447 1497 485 prava
1530 434 1649 473 corri-

97 499 216 552 gendi
240 498 402 538 consilio
427 498 629 537 versiones
655 496 866 547 Sergianas
893 496 1076 547 attigisse
1102 496 1207 534 infra
1233 494 1527 534 demonstrabo.

212 558 400 597 Iuvenem
432 557 615 608 Sergium
649 556 971 596 Alexandriae
1005 555 1182 594 studiis
1217 555 1469 595 vacavisse
1501 554 1653 605 gravis-

96 618 217 658 simus
243 619 380 656 auctor
404 620 466 656 est
490 616 892 665 Pseudo—Zacharias,
922 615 1155 654 confirmata
1180 615 1321 654 deinde
1348 616 1480 653 aetate
1506 613 1652 653 Resa-

92 683 202 717 ’inae
227 677 492 716 archiatria
524 689 628 715 esse
659 677 873 715 functum
904 675 1010 714 inter
1034 687 1169 714 omnes
1195 675 1296 723 fere,
1329 674 1397 725 qui
1421 673 1536 713 nobis
1561 685 1653 712 exa-

97 737 271 776 minandi
297 739 422 787 erant,
447 737 659 786 scriptores
685 736 879 775 convenit.
922 735 1057 774 Etiam
1083 734 1382 774 sacerdotali
1408 734 1652 786 dignitate

94 797 246 836 virum
272 798 492 835 ornatum
517 796 669 835 fuisse
695 809 716 834 e
736 796 867 835 titulis
889 795 1083 834 librorum
1102 796 1152 834 ab
1170 794 1257 845 ipso
1278 793 1591 843 conscriptorum
1601 787 1651 846 ⁷3)

94 856 162 907 qui
187 858 360 895 aetatem
386 856 577 904 tulerunt,
602 858 780 906 apparet,
805 855 940 905 colligi
964 855 1030 894 vel
1048 854 1140 893 inde
1159 855 1329 904 poterat,
1354 853 1460 903 quod
1480 853 1654 892 Pseudo-

93 915 302 955 Zacharias
329 916 549 955 orationem
575 917 625 955 ab
649 928 695 954 eo
722 915 770 954 de
794 914 871 953 fide
896 914 1074 953 habitam
1098 914 1249 953 laudat.

209 975 315 1021 Quas
340 988 434 1014 vero
461 975 505 1014 iu
531 975 898 1025 controversiis,
931 987 1050 1024 quae
1077 974 1133 1012 ad
1160 974 1383 1024 dogmata
1409 971 1651 1012 Christia-

91 1047 177 1074 nae
201 1035 464 1086 religionis
494 1035 799 1088 spectabant,
829 1036 966 1085 partes
991 1033 1154 1086 Sergius
1181 1035 1341 1073 secutus
1367 1033 1420 1071 sit
1444 1045 1492 1071 ex
1516 1035 1651 1072 aucto-

92 1108 180 1133 rum
206 1107 323 1145 quam
349 1095 517 1134 maxime
538 1094 859 1134 dissentientium
878 1094 1118 1133 testimoniis
1143 1106 1222 1132 non
1241 1094 1356 1133 facile
1376 1092 1537 1132 videtur
1562 1092 1653 1132 elici

91 1166 219 1204 posse.
270 1153 347 1193 Sed
371 1155 544 1204 primum
578 1154 683 1205 quod
713 1154 755 1193 in
779 1154 949 1194 indicem
975 1154 1214 1204 scriptorum
1239 1152 1570 1208 Nestorianorum
1601 1153 1652 1191 ab

93 1214 316 1253 Ebediesuo
342 1216 525 1265 receptus
553 1217 628 1262 est,
662 1227 707 1253 eo
734 1214 783 1253 de
807 1214 885 1253 fide
910 1213 987 1254 viri
1011 1214 1131 1264 plane
1161 1213 1262 1252 nihil
1287 1213 1476 1264 efficitur,
1509 1213 1544 1252 si
1569 1212 1653 1264 qui-

93 1273 182 1312 dem
201 1274 239 1312 in
261 1274 429 1313 eundem
447 1274 616 1313 indicem
634 1273 883 1314 Ebediesuus
903 1274 1026 1313 etiam
1045 1273 1232 1313 Iacobum
1251 1274 1498 1312 Edessenum
1518 1272 1650 1311 Mono-

93 1333 344 1384 physitarum
375 1334 481 1372 inter
512 1333 632 1384 Syros
666 1334 782 1373 facile
812 1334 1031 1384 principem
1062 1333 1231 1383 recepit,
1270 1333 1374 1384 quod
1412 1334 1527 1371 tanta
1565 1335 1653 1371 erat

92 1393 266 1443 episcopi
292 1393 510 1432 doctissimi
535 1394 763 1442 auctoritas,
789 1395 836 1432 ut
858 1394 979 1433 etiam
998 1392 1228 1432 Nestoriani
1254 1393 1404 1443 scripta
1429 1392 1514 1431 eius
1539 1392 1651 1431 lecti-

93 1454 239 1491 tarent.
290 1451 402 1499 Quod
427 1452 645 1492 Iacobitam
672 1453 857 1504 Sergium
881 1453 1159 1493 Barhebraeus
1185 1453 1374 1503 appellat,
1404 1465 1494 1491 eum
1519 1464 1652 1491 recen-

93 1514 172 1551 tius
193 1514 323 1551 sectae
342 1525 485 1552 nomen
504 1514 554 1552 ad
572 1514 795 1553 vetustiora
813 1516 995 1564 tempora
1013 1513 1268 1553 transtulisse
1293 1524 1409 1551 nemo
1432 1524 1512 1551 non
1530 1512 1650 1552 videt.

96 1571 467 1623 Monophysitarum
503 1574 636 1612 autem
668 1573 919 1624 opinionibus
951 1573 1080 1624 primo
1112 1573 1271 1624 quidem
1297 1572 1479 1623 Sergium
1505 1572 1653 1611 favisse

91 1644 216 1681 aeque
255 1634 373 1682 atque
404 1632 680 1673 Barhebraeus
712 1634 850 1672 auctor
881 1635 943 1672 est
967 1626 1445 1685 Pseudo-Zacharias.⁷4)
1502 1630 1652 1671 Contra

92 1691 165 1730 sub
184 1691 302 1730 finem
321 1692 428 1731 vitae
453 1694 612 1732 tantum
630 1705 710 1732 non
727 1695 836 1732 totus
855 1705 880 1731 a
897 1693 1080 1743 partibus
1101 1692 1482 1732 Chalcedonensium
1506 1692 1650 1731 stabat.

95 1750 138 1789 Si
162 1764 301 1790 verum
326 1751 452 1803 video,
478 1752 534 1791 sic
559 1753 642 1791 fere
667 1765 730 1792 res
756 1753 940 1792 habebat.
983 1753 1212 1792 Moderatus
1237 1752 1354 1791 initio
1375 1751 1539 1802 Sergius
1565 1754 1652 1791 erat

93 1809 228 1850 Severi
257 1811 562 1862 Monophysitae
594 1814 785 1862 sectator,
825 1813 894 1851 sed
924 1812 1091 1851 liberius
1123 1814 1165 1852 et
1195 1811 1408 1851 humanius
1451 1811 1652 1851 sentiebat

92 1882 231 1921 quam,
262 1870 330 1921 qui
356 1871 637 1911 controversiis
662 1872 863 1923 captuosis
889 1873 987 1912 adeo
1013 1875 1055 1911 et
1080 1872 1283 1912 sterilibus
1309 1873 1481 1911 multum
1506 1871 1651 1911 virium

90 1929 323 1980 impertiret.
361 1930 526 1970 Litteris
547 1933 587 1970 et
606 1932 685 1971 arti
703 1932 878 1971 medicae
898 1932 1056 1972 deditus
1079 1932 1121 1970 id
1147 1932 1277 1971 solum
1303 1932 1462 1982 agebat,
1488 1934 1534 1970 ut
1551 1944 1651 1972 neve

91 2002 329 2040 quemquam
355 1990 439 2040 ipse
464 1991 642 2031 laederet
666 2005 778 2043 neve,
804 2005 882 2043 quo
908 1992 958 2031 ab
984 1992 1073 2031 aliis
1099 1992 1338 2044 laederetur,
1364 2004 1503 2030 ansam
1523 1992 1648 2031 daret.

91 2048 255 2088 Publice
281 2051 322 2088 et
347 2051 578 2089 solemniter
603 2051 722 2091 fidem
746 2052 1122 2103 Monophysitarum
1152 2065 1232 2091 non
1258 2051 1444 2100 eiuravit,
1477 2052 1519 2090 id
1545 2051 1651 2103 quod

90 2109 182 2148 inde
206 2110 340 2159 potest
364 2111 565 2162 cognosci,
592 2112 696 2162 quod
720 2111 878 2151 Ascolio
905 2112 1107 2163 episcopo,
1139 2111 1207 2163 qui
1231 2125 1256 2151 a
1279 2111 1462 2162 partibus
1489 2110 1651 2150 Chalce-

93 2168 327 2207 donensium
352 2171 499 2220 stabat,
525 2183 615 2225 eum
635 2184 797 2210 exosum
816 2171 1008 2211 videmus.
1053 2171 1175 2218 Quasi
1194 2172 1370 2211 medium
1394 2171 1520 2223 igitur
1544 2173 1652 2211 tene-

92 2228 181 2279 bat,
207 2241 295 2267 cum
320 2229 571 2269 Antiochiam
598 2231 771 2282 veniret,
797 2230 934 2272 Severi
960 2232 1178 2271 sectatores
1202 2231 1308 2271 inter
1334 2233 1374 2271 et
1400 2232 1651 2271 orthodoxos.

92 2287 152 2327 Eo
180 2288 310 2338 aptior
327 2288 567 2339 Ephraemio
593 2290 719 2330 videri
745 2291 894 2344 debuit,
920 2291 989 2343 qui
1014 2304 1103 2331 cum
1126 2291 1312 2342 pontifice
1331 2292 1511 2331 Romano
1536 2293 1651 2331 resti-

92 2348 264 2386 tuendae
289 2348 394 2387 inter
420 2350 605 2389 ecclesias
632 2351 796 2390 orient-is
821 2350 1054 2391 concordiae
1079 2364 1242 2401 operam
1266 2354 1445 2391 navaret.

210 2407 324 2453 Quod
349 2408 453 2447 enim
478 2409 645 2459 pecunia
670 2423 760 2449 eum
786 2412 1019 2461 corruptum
1044 2423 1142 2463 esse,
1168 2414 1214 2450 ut
1236 2412 1402 2451 Romam
1428 2411 1650 2461 proficisce-

92 2468 223 2516 retur,
249 2467 647 2509 Pseudo-Zacharias
674 2470 888 2522 significat,
910 2470 951 2509 id
977 2484 1025 2510 ex
1048 2483 1213 2510 numero
1239 2484 1374 2511 eorum
1402 2471 1651 2511 criminum

92 2538 195 2566 esse
226 2526 438 2577 videtur,
479 2541 596 2579 quae
634 2531 686 2569 ut
720 2530 977 2570 memoriae
1012 2531 1273 2582 temperati
1311 2531 1358 2571 et
1387 2531 1650 2581 placabilis

91 2586 186 2625 viri
210 2586 418 2636 plurima
443 2588 772 2638 offunderent,
799 2590 1013 2630 acriores
1035 2591 1406 2641 Menophysitae
1432 2591 1647 2630 fanatico

93 2645 200 2685 odio
233 2645 609 2689 adducebantur.
657 2648 714 2689 Ut
744 2650 849 2689 enim
879 2663 958 2689 non
983 2650 1033 2690 ab
1059 2650 1166 2690 omni
1191 2651 1348 2689 macula
1371 2650 1499 2690 libera
1529 2651 1652 2690 fuerit

92 2705 179 2744 vita
203 2704 349 2758 Sergii,
382 2707 484 2758 quod
510 2708 659 2747 inimici
683 2709 814 2749 virum
840 2710 982 2749 studiis
1016 2712 1057 2749 et
1089 2710 1255 2749 scientia
1285 2710 1531 2761 singularem
1556 2723 1647 2750 ava-

91 2777 198 2816 rum,
222 2765 488 2819 luxuriosum,
512 2768 714 2818 impurum
737 2769 861 2809 fuisse
886 2770 1069 2821 tradunt,
1102 2783 1149 2809 ea
1173 2770 1379 2809 mendacia
1403 2783 1490 2810 esse
1515 2770 1650 2809 furore

92 2826 133 2862 et
156 2824 246 2864 odio
269 2825 461 2866 instincta
484 2827 572 2877 quis
598 2829 671 2879 est,
696 2828 792 2879 quin
816 2829 978 2869 videat?
1028 2829 1131 2875 Quid
1166 2828 1270 2879 quod
1299 2830 1348 2869 de
1373 2829 1649 2880 paederastiae

91 2883 249 2933 quidem
274 2884 447 2938 crimine,
473 2888 654 2938 quamvis
673 2889 877 2939 ceteroqui
895 2888 1032 2939 Sergio
1052 2889 1222 2928 infestus
1243 2889 1307 2939 sit,
1333 2889 1454 2929 etiam
1470 2889 1643 2929 Pseudo—

95 2941 304 2983 Zacharias
330 2945 676 2986 vehementissime
700 2947 860 2988 videtur
885 2948 1098 2988 dubitare?
