1820 3126
584 82 877 120 Lucubrationes
902 83 1189 130 Syro-Graecae.
1202 57 1204 59 >
1578 84 1666 128 455

63 190 66 194 ’
111 193 294 246 ἀμείνων
318 193 344 245 ἢ
370 191 535 244 χείρων,
561 195 630 234 ubi
655 195 803 247 hiatus,
832 195 900 245 qui
926 197 989 235 est
1013 196 1054 234 in
1081 196 1280 246 scriptura
1305 196 1512 248 Sergiana,
1537 197 1665 248 magis

111 257 161 295 ab
186 269 262 296 usu
285 254 484 294 Lucianeo
518 255 707 294 abhorret
738 267 857 306 qua-m
888 255 975 307 ille,
1006 256 1074 305 qui
1109 256 1309 307 scriptura
1340 256 1518 296 codicum
1544 256 1665 296 Grae-

111 329 242 356 corum
267 309 529 368 efficiturffl),

224 373 296 414 XX
320 375 424 424 427,
452 375 505 413 32
540 374 620 413 lbb.
647 373 735 413 Grr.
767 370 793 423 ἥ
824 384 870 413 τε
904 369 1044 423 ἀπάτη
1082 372 1149 414 καὶ
1186 373 1236 414 τὸ
1268 375 1429 424 ψεῦδος
1479 375 1505 414 S
1535 372 1586 415 τό
1617 388 1663 416 τε

108 434 264 486 ψεῦδος
294 431 362 472 καὶ
392 431 417 482 ἡ
444 429 602 483 ἀπάτη,
634 434 703 472 ubi
734 446 860 483 aeque
893 435 1013 483 atque
1044 434 1085 472 in
1115 435 1199 474 loco
1232 436 1349 475 modo
1382 435 1505 474 allato
1537 437 1663 476 multo

109 494 240 535 mitior
272 493 445 532 efficitur
482 493 678 533 vocalium
716 505 930 532 concursus
967 493 1082 532 libris
1113 493 1275 534 Graecis
1312 507 1432 545 quam
1468 496 1667 545 scriptura.

107 546 383 606 sergianum),

220 625 371 664 prava
396 613 600 662 denique
624 611 893 651 iteratione

219 671 356 712 XXIII
380 673 484 720 428,
513 674 566 712 16
588 685 618 711 s.
652 672 732 711 lbb.
760 671 848 712 Grr.
881 669 1008 711 παντὶ
1042 669 1188 724 τρόπῳ
1224 669 1249 711 ὁ
1283 668 1429 712 ἄθλιος
1463 670 1660 723 ἐνηδρευ-

106 730 230 783 μένος
272 731 299 771 S
325 729 403 772 οὐκ
428 729 551 771 εἰδὼς
576 728 702 771 παντὶ
727 728 876 784 τρόπῳ
903 728 927 771 ὁ
953 727 1098 772 ἄθλιος
1124 729 1432 781 ἐνηδρευμένος
1457 733 1561 772 male
1586 734 1659 773 ite-

105 793 200 832 ratis
226 788 304 831 οὐκ
330 789 453 831 εἰδὼς
478 805 499 830 e
526 791 796 842 superioribus
823 788 901 830 οὐκ
927 788 1050 831 εἰδὼς
1075 788 1128 830 τὰ
1153 787 1510 845 γεγενημέναθδὸ),

218 851 350 891 XXIV
369 853 467 902 428,
484 853 540 891 20
552 865 581 891 s.
606 851 687 891 lbb.
707 850 798 890 Grr.
821 848 1036 900 προςίεται
1057 849 1133 901 μέν
1177 851 1202 890 S
1229 849 1443 900 προςίεται
1463 851 1540 901 μὲν
1559 863 1658 902 φαι-

104 908 205 961 δρός
249 914 406 962 sumpto
451 907 633 960 φαιδρός
677 924 724 950 ex
761 911 1085 950 antecedentibus
1129 909 1405 961 προςέρχεται
1449 913 1509 965 τῷ
1547 909 1661 965 φίλῳ

103 965 374 1024 φαιδρόςθῧθ)

219 1030 423 1070 Scribendi
461 1043 607 1081 genere
643 1030 714 1070 illo
750 1043 895 1081 parum
932 1030 1117 1080 diligenti
1152 1031 1311 1070 videtur
1352 1031 1473 1070 etiam
1509 1032 1660 1070 factum

103 1102 209 1139 esse,
235 1092 281 1129 ut
306 1090 542 1141 quinquiens
567 1090 625 1141 is,
656 1091 735 1140 qui
759 1090 1091 1141 apographum
1118 1090 1400 1141 Sergianum
1426 1092 1661 1142 exaravit,

99 1163 187 1201 pro
212 1150 342 1189 veris
368 1152 416 1189 et
434 1150 657 1200 genuinis
678 1151 939 1200 scripturis
959 1150 1345 1190 transscriberet
1363 1151 1661 1201 interpreta-

99 1212 275 1260 menta,
301 1222 422 1260 quae
448 1210 724 1260 explicandi
748 1210 911 1260 gratia
930 1222 1077 1260 supra
1094 1209 1242 1249 verba
1260 1210 1460 1249 Luciani
1484 1211 1662 1261 scripta

99 1270 146 1307 in
171 1269 440 1319 exemplari
465 1269 563 1308 sibi
587 1270 838 1319 proposito
870 1270 1158 1320 invenisset,
1188 1270 1266 1308 nisi
1290 1270 1393 1309 forte
1418 1270 1503 1320 ipse
1527 1271 1660 1310 verbis

102 1329 311 1368 Lucianeis
330 1329 687 1379 interpretamenta
704 1330 886 1370 versione
900 1329 1065 1380 Syriaca
1084 1342 1272 1379 expressa
1286 1329 1507 1368 substituit.
1534 1330 1660 1370 Locos

104 1388 282 1439 significo
306 1389 442 1428 hosce:

218 1447 260 1487 Π
279 1449 378 1499 422,
400 1449 455 1488 20
481 1449 560 1488 lbb.
582 1448 670 1487 Grr.
697 1444 756 1487 ὡς
782 1444 845 1497 εἴη
866 1444 1183 1497 κεκοινωνηκὼς
1202 1447 1290 1487 τῶν
1309 1444 1426 1487 ὅλων
1463 1448 1490 1486 S
1516 1445 1575 1488 ὡς
1595 1445 1658 1498 εἴη

99 1506 417 1557 κεκοινωνηκὼς
442 1507 529 1547 τῶν
555 1505 602 1547 ἐν
628 1505 752 1560 Τύρῳ
778 1506 1088 1556 γεγενημένων.
1132 1506 1242 1546 Conf.
1270 1507 1458 1558 scholion,
1483 1508 1588 1558 quod
1607 1509 1658 1547 ad

98 1568 228 1606 locum
264 1570 465 1607 servatum
496 1570 573 1607 est:
614 1564 814 1617 δηλονότι
846 1564 1107 1617 πραγμάτων
1139 1567 1214 1616 τῆς
1245 1564 1567 1607 ἑπαναςτάςεως
1598 1569 1659 1621 τῷ

100 1621 386 1680 Θεοδότᾳθῧῖ),

213 1686 293 1766 ΧΙδΙ
330 1687 433 1735 425,
466 1688 520 1727 36
566 1687 646 1727 lbb.
686 1686 773 1726 Grr.
812 1682 1058 1735 ἀνηρπάςθη
1109 1685 1135 1724 S
1174 1682 1419 1735 ἀνηρπάςθη
1457 1684 1525 1726 καὶ
1562 1684 1658 1737 ἐνη-

98 1743 251 1795 δρεύθη
277 1741 311 1766 ³⁸
334 1777 343 1794 ‚

215 1741 388 1844 XXV)HI
412 1807 512 1854 429,
533 1807 588 1845 23
614 1806 694 1846 lbb.
722 1805 810 1846 Grr.
836 1803 1062 1854 προςέχειν
1113 1804 1138 1843 S
1164 1803 1374 1844 πιςτεύειν
1384 1800 1468 1858 ⁶3⁹),

215 1865 365 1904 XXVII
393 1867 490 1916 429,
514 1866 567 1905 18
593 1865 673 1904 lbb.
701 1864 790 1904 Grr.
816 1861 875 1904 ὡς
900 1860 1027 1915 ἀςεβῆ
1054 1861 1121 1903 καὶ
1145 1861 1377 1914 ἐπίβουλον
1421 1865 1447 1903 S
1472 1861 1531 1903 ὡς
1556 1863 1656 1905 τοὺς

98 1923 224 1964 θεοὺς
249 1921 301 1964 οὐ
327 1922 553 1973 νομίζοντα
578 1922 647 1965 καὶ
667 1923 767 1964 τοὺς
786 1921 1091 1974 πληςιάζοντας
1111 1921 1427 1974 διαφθείροντα,
1452 1937 1554 1975 quae
1573 1927 1659 1964 tan-

21 1991 28 2037 ]
96 1987 183 2023 tum
206 1997 286 2023 non
310 1984 361 2023 ad
386 1984 551 2024 verbum
576 1985 817 2024 conveniunt
842 1997 930 2024 cum
955 1984 1206 2023 accusatione
1226 1984 1362 2023 Meleti
1383 1987 1423 2023 et
1441 1985 1566 2036 Anyti
1575 1979 1658 2038 ⁶⁶¹⁰),

212 2044 341 2083 XXXI
367 2046 466 2095 430,
489 2046 512 2084 9
529 2057 558 2084 S.
584 2045 666 2084 lbb.
692 2043 781 2084 Grr.
806 2042 884 2089 τὴν
910 2042 1095 2084 ἐξέταςιν
1124 2065 1175 2071 -
1199 2065 1254 2071 —-
1274 2064 1334 2071 —
1357 2044 1431 2094 τῆς
1457 2040 1656 2093 ἀληθείας

95 2102 122 2142 S
146 2101 224 2153 τὴν
248 2103 336 2143 τῶν
362 2101 624 2153 πραγμάτων
649 2101 777 2153 κρίςιν
809 2101 877 2143 καὶ
901 2102 979 2153 τὴν
1006 2101 1192 2144 ἐξὲταςιν
1218 2125 1274 2131 -
1295 2125 1351 2130 -
1377 2125 1424 2131 -
1455 2104 1529 2153 τῆς
1555 2100 1656 2154 ἀλη-

94 2157 299 2216 θείαιω)

213 2223 310 2269 Quo
330 2235 442 2262 vero
469 2224 819 2274 properantius
840 2225 887 2262 et
905 2223 1247 2274 neglegentius
1272 2223 1427 2273 ipsum
1453 2235 1656 2274 apogra-

93 2282 232 2332 phum
268 2282 550 2332 Sergianum
582 2285 830 2322 exaratum
862 2284 982 2333 erat,
1014 2295 1064 2321 eo
1095 2283 1432 2333 praestantius
1460 2283 1656 2322 videtur

94 2342 358 2392 exemplum
394 2342 568 2394 fuisse,
605 2343 660 2381 de
692 2355 781 2392 quo
818 2343 1195 2392 transscriptum
1230 2344 1313 2381 est.
1365 2341 1654 2392 Quamquam

93 2414 148 2440 ne
184 2401 307 2440 illud
345 2402 536 2451 quidem
575 2402 757 2442 mendis
795 2402 964 2442 caruit.
1014 2400 1127 2447 Quod
1159 2414 1254 2441 sane
1284 2403 1326 2441 in
1358 2403 1590 2452 apographo
1627 2402 1653 2441 S

92 2459 224 2501 XXXI
248 2461 351 2509 430,
380 2462 434 2500 14
471 2473 542 2511 pro
579 2457 746 2501 ἔνδικον
777 2455 896 2514 (conf.
922 2475 960 2512 p.
981 2462 1085 2510 460,
1111 2456 1218 2515 463)
1249 2458 1427 2501 ἐνδίκων
1459 2462 1652 2511 scriptum

94 2515 375 2574 exstabatffl),
404 2521 579 2560 dubitari
603 2522 737 2570 potest
760 2521 1015 2560 manifestum
1042 2521 1183 2560 calami
1208 2533 1382 2560 errorem
1406 2520 1653 2560 inveneritne

94 2579 255 2630 Sergius
280 2580 360 2629 vel,
392 2580 572 2630 quisquis
603 2581 878 2631 apographum
908 2594 932 2619 a
957 2579 1096 2631 Sergio
1130 2580 1355 2619 adhibitum
1381 2580 1578 2630 exaravit,
1609 2581 1651 2620 in

0 2637 11 2668 ’—
93 2639 225 2679 codice
251 2639 327 2679 sibi
351 2640 556 2690 proposito
582 2652 634 2678 an
658 2639 742 2690 ipse
761 2652 898 2680 veram
916 2640 1155 2691 scripturam
1174 2640 1430 2691 neglegentia
1452 2640 1650 2679 scribendi

95 2699 382 2750 depravaverit.
420 2699 552 2738 Etiam
573 2699 622 2738 de
642 2699 732 2738 aliis
752 2699 906 2739 duobus
924 2700 1022 2739 locis
1042 2699 1219 2738 dubitari
1237 2701 1383 2749 potest,
1408 2712 1649 2750 quamquam

11 2756 13 2758 ’
93 2758 150 2798 ibi
179 2760 411 2798 lacunosum
442 2761 549 2798 certe
581 2758 704 2798 fuisse
736 2759 976 2810 exemplum,
1011 2759 1116 2798 unde
1143 2758 1168 2796 S
1199 2758 1420 2809 descriptus
1453 2761 1532 2810 est,
1565 2759 1650 2798 sine

94 2818 362 2858 controversia
386 2820 553 2858 constat.

211 2877 305 2918 XIV
330 2878 429 2930 426,
456 2879 525 2918 6s.
550 2877 631 2917 lbb.
658 2875 745 2918 Grr.
777 2875 845 2918 καὶ
876 2875 983 2928 πρὸς
1014 2875 1090 2917 τὸν
1122 2873 1287 2917 ἐκείνου
1319 2873 1483 2926 τρόπον
1513 2873 1553 2917 οἱ
1579 2887 1649 2917 κα-
