1820 3126
160 144 245 188 524
469 146 511 182 A.
534 145 769 182 Baumstarkz
796 144 1082 182 Lucubrationes
1109 144 1390 191 Syro-Graecae.

304 250 498 287 Versiones
523 250 731 287 Aristotelis
756 252 816 297 (de
841 251 1004 296 mundo),
1028 250 1196 287 Isocratis
1221 251 1282 296 (ad
1306 250 1571 297 Demonicum)‚
1624 225 1691 252 Μ’

348 297 500 333 Luciani
525 297 583 342 (de
608 297 817 343 calumnia),
842 298 1037 334 Themistii
1063 298 1122 341 (de
1146 298 1294 343 virtute,
1319 297 1363 333 de
1381 297 1571 341 amicitia),

348 343 535 379 Plutarchi
561 344 622 389 (de
647 344 920 388 exercitatione,
946 345 990 380 de
1016 345 1220 380 cohibenda
1242 345 1313 391 ira)
1331 343 1572 380 emendantur
1624 346 1692 381 406

300 390 355 425 De
377 390 581 426 versionum
601 391 679 426 sine
697 390 845 427 nomine
862 390 1072 436 interpretis
1093 392 1319 427 servatarum
1337 392 1376 427 et
1394 391 1569 427 versionis

348 437 554 473 Aristotelis
580 436 779 483 Sergianae
803 439 982 474 concentu
1007 437 1183 474 sermonis
1192 464 1570 474 .........
1625 441 1693 473 413

299 483 351 519 De
383 484 524 520 ratione
553 484 720 520 vertendi
745 484 922 530 Sergiana
945 485 982 520 in
1007 484 1233 521 versionibus
1257 484 1335 520 sine
1360 483 1570 530 interpretis

348 531 495 566 nomine
521 531 674 566 servatis
699 531 894 576 conspicua.
910 558 1568 573 ...............
1625 534 1691 566 422

300 577 354 612 De
367 577 596 613 versionibus
609 577 787 622 Isocratis,
805 577 968 623 Luciam,
987 577 1191 622 Themistii‚
1211 577 1397 614 Plutarchi
1411 588 1434 613 a
1446 588 1569 613 recen-

347 624 501 660 tioribus
525 623 735 660 retractatis
772 651 1571 661 ..................
1625 626 1694 660 484

161 682 275 731 Caput
295 681 338 718 11.
382 681 506 730 Spices
531 681 684 718 criticae
725 708 1572 719 ...................
1626 685 1694 717 438

208 745 238 776 1.
272 741 545 784 Ἰεοκράτουε
569 741 590 775 ὁ
613 741 724 784 πρὸ(
748 741 1004 784 Δημόνικον
1051 766 1572 776 ............
1626 743 1694 775 438

207 791 239 823 2.
272 788 520 822 Λουκιανοῦ
545 788 746 830 περὶτοῦ
773 789 826 830 μὴ
851 787 1016 832 ῥᾳδίως
1038 787 1260 822 πιετεὺειν
1286 788 1468 830 διαβολῇ
1516 815 1524 823 .
1563 814 1570 822 .
1625 790 1693 822 453

207 838 240 869 3.
271 833 505 877 Θεμιετίου
531 835 552 868 ὁ
575 835 675 877 περὶ
701 833 851 878 φιλίας
864 860 1572 870 ................
1627 835 1695 868 464

206 885 238 914 4.
270 881 564 924 Πλουτάρχου
588 881 690 924 περὶ
715 879 957 924 ἀοργηείαε
1005 907 1572 916 .............
1626 883 1695 915 469

206 932 238 962 5.
269 926 508 962 Lectiones
533 926 759 962 Galeneae
775 953 1573 963 ..................
1627 929 1696 962 470

160 985 274 1032 Caput
293 983 355 1035 111,
392 985 442 1021 De
466 984 688 1033 fragmentis
714 983 904 1021 Menandri
930 983 1075 1031 Syriaci
1103 1012 1572 1021 ...........
1628 986 1696 1019 473

301 1043 354 1079 De
380 1044 521 1079 duobus
546 1042 733 1089 florilegiis
757 1042 946 1078 Landiano
971 1043 1008 1078 et
1033 1042 1262 1078 Sachaviano
1286 1070 1572 1079 .......
1626 1045 1694 1078 478

299 1090 431 1126 Landii
454 1089 492 1125 in
517 1090 719 1125 tractandis
743 1089 958 1134 fragmentis
982 1089 1077 1125 ratio
1102 1089 1283 1124 refutatur
1332 1116 1573 1125 ......
1627 1092 1695 1124 473

299 1136 522 1182 Fragmenta
553 1137 671 1172 denuo
703 1136 833 1172 Latine
863 1146 970 1172 versa.
999 1136 1047 1172 ad
1077 1135 1252 1180 reliquias
1283 1137 1322 1170 et
1350 1135 1574 1171 imitationes

345 1195 463 1219 novae
489 1183 700 1219 comoediae
725 1182 872 1219 Atticae
897 1183 1156 1228 comparantur
1192 1209 1573 1218 .........
1627 1185 1694 1217 475

299 1230 353 1266 De
377 1229 640 1276 florilegiorum
665 1229 856 1274 affinitate,
883 1228 1160 1274 compositione,
1186 1230 1308 1264 aetate
1332 1255 1572 1265 ......
1627 1231 1694 1263 487

162 1288 428 1324 Adnotationes
445 1314 1572 1325 .........................
1627 1289 1695 1321 491

161 1334 381 1380 Argumenti
405 1336 622 1381 conspectus
631 1360 1572 1371 .....................
1627 1335 1695 1368 523
