1820 3126
165 127 251 169 520
782 130 825 166 A.
844 130 1082 167 Baumstark=

285 237 363 268 748.
391 234 416 270 1.
438 234 472 269 S.
494 237 550 278 50,
570 238 602 270 6.

286 284 364 316 749.
390 280 416 316 I.
437 280 471 316 S.
493 283 548 322 50,
568 284 623 316 22.

288 330 365 362 750.
392 327 419 363 1.
440 326 474 362 S.
500 329 556 370 50,
576 331 631 362 24.

287 376 366 409 751.
393 374 418 409 Ι.
440 373 473 408 S.
495 377 625 416 51,16.

288 424 366 455 752.
392 420 418 455 1.
440 420 474 455 S.
495 423 551 463 52,
572 423 627 456 23.

286 471 364 502 753.
390 467 416 501 Ι.
439 467 474 503 S.
493 469 549 510 53,
570 471 589 502 5
617 469 780 511 ,‚nemo“.

289 518 366 549 754.
392 513 419 548 Ι.
440 513 474 548 S.
495 516 551 556 54,
574 516 627 548 14.

287 563 365 595 755.
392 560 417 593 1.
439 560 472 595 S.
495 563 550 603 54,
570 563 627 595 21.

287 609 364 641 756.
392 607 418 641 Ι.
440 606 474 642 S.
495 609 551 649 55,
573 610 603 642 1.

288 656 366 687 757.
392 653 419 686 Ι.
440 653 474 689 S.
495 656 551 696 56,
571 656 603 688 8.

289 702 367 734 758.
393 699 419 733 Ι.
441 698 477 734 S.
498 703 553 742 57,
576 703 629 735 13.

288 749 365 780 759.
393 745 419 779 Ι.
441 745 476 781 S.
496 748 551 790 58,
572 749 605 782 5.

289 795 367 827 760.
393 791 419 827 Ι.
441 792 476 827 S.
496 795 552 835 58,
572 795 628 827 20.

290 842 367 874 761.
395 839 420 873 1.
441 838 476 874 S.
496 841 553 882 58,
572 841 628 873 23.

290 887 368 920 762.
395 884 421 921 Ι.
443 885 477 921 S.
497 887 554 928 61,
573 889 629 920 23.

291 935 368 967 763.
396 931 422 968 Ι.
443 931 477 967 S.
497 935 552 975 63,
572 935 627 966 24.

292 981 370 1013 764.
396 978 422 1014 Ι.
444 978 478 1013 S.
499 981 554 1022 55,
577 982 630 1012 11.

171 1081 191 1113 λ
235 1079 255 1112 ό
287 1030 418 1122 76551.
444 1029 480 1067 S.
505 1034 567 1075 49,
595 1035 615 1066 3
646 1041 747 1075 ,,11011
780 1030 918 1066 similes
950 1030 1021 1066 sibi
1045 1032 1130 1066 sunt
1159 1030 1323 1066 familiae
1355 1041 1480 1067 eorum
1491 1032 1511 1050 “
1543 1032 1605 1075 (sc.
1630 1033 1708 1065 τῶν

193 1090 234 1120 εγ
257 1089 356 1113 ντων
375 1107 382 1114 .

292 1133 370 1166 766.
396 1130 423 1166 Ι.
443 1129 477 1164 S.
498 1133 554 1173 50,
576 1133 617 1164 11
634 1141 660 1166 s.
688 1131 753 1174 „ut
776 1129 1014 1166 ulcisceretur
1040 1129 1198 1166 amicum
1223 1130 1363 1165 suum“.

292 1181 370 1212 767.
395 1177 423 1212 Ι.
444 1176 478 1212 S.
499 1180 555 1220 53,
575 1180 607 1212 9.
946 1190 948 1193 v

293 1227 370 1258 768.
397 1224 424 1259 Ι.
444 1222 479 1258 8.
500 1226 555 1267 54,
577 1227 594 1258 1
621 1225 866 1268 „nunquam“.

293 1274 369 1306 769.
396 1271 422 1306 I.
443 1269 477 1305 S.
499 1274 553 1314 55,
573 1274 595 1304 4
627 1270 787 1315 „malum
811 1281 897 1306 vero
921 1279 1040 1313 neque
1065 1279 1148 1304 cum
1171 1269 1269 1304 bono
1294 1279 1413 1314 neque
1439 1280 1563 1306 secum
1587 1269 1707 1316 ipsum

175 1316 380 1353 convenit“.

293 1366 373 1399 770.
399 1363 427 1398 Ι.
447 1362 482 1398 S.
503 1367 558 1407 57,
578 1367 599 1398 2
625 1364 690 1407 „et
713 1361 806 1398 illi“.

294 1413 373 1446 771.
398 1411 425 1446 Ι.
446 1409 480 1445 S.
501 1414 558 1454 57,
577 1414 619 1444 21
647 1410 819 1455 „oportet
843 1408 1002 1444 similem
1027 1410 1141 1445 esse“.

295 1459 374 1492 772.
400 1457 426 1492 I.
447 1456 482 1492 S.
502 1460 558 1500 60,
580 1461 623 1491 14
637 1468 663 1491 s.
692 1457 751 1501 „et
777 1467 931 1500 quorum
957 1455 1085 1491 eadem
1111 1467 1168 1490 ars
1193 1457 1283 1493 est“.

295 1507 374 1538 773.
399 1503 425 1538 I.
447 1503 481 1538 S.
502 1507 558 1548 61,
578 1507 598 1538 9
613 1514 640 1538 s.
667 1502 876 1548 „quomodo
900 1501 1088 1547 prohiberi
1111 1502 1243 1547 possit,
1265 1513 1311 1538 ne
1336 1503 1460 1539 fiant⁴‘.

295 1553 373 1586 774.
400 1550 427 1585 Ι.
449 1551 481 1585 8.
504 1554 559 1593 63,
580 1553 598 1584 1
615 1561 642 1586 s.
669 1551 785 1594 „duae
811 1549 908 1585 enim
933 1548 1039 1594 quasi
1064 1548 1253 1584 semitae“.

296 1599 373 1632 775.
400 1596 427 1632 Ι.
447 1596 482 1631 S.
502 1600 558 1640 63,
579 1601 599 1632 6
614 1609 641 1632 6.
668 1595 900 1641 „ubicunque
925 1595 1047 1631 locum
1073 1595 1287 1632 invenerit“.

295 1647 373 1678 776.
399 1643 424 1679 I.
448 1643 482 1679 S.
503 1646 558 1687 65,
579 1646 601 1685 4
626 1642 787 1688 „praeda
811 1643 904 1678 bene
929 1642 1178 1688 comparata“.

295 1693 373 1726 777.
399 1691 426 1726 Ι.
446 1689 482 1726 S.
503 1693 558 1734 56,
578 1693 623 1724 20
648 1692 829 1736 ‚‚pa.tres“.

296 1740 374 1772 778.
403 1738 426 1771 Ι.
449 1736 481 1772 S.
503 1740 564 1781 59,
590 1739 635 1771 25
668 1736 726 1780 ,,61
757 1736 855 1772 enim
884 1736 932 1772 ad
963 1735 1172 1781 superbiam
1201 1735 1405 1782 rapimur-3⁶.
1449 1736 1584 1772 Contra
1613 1737 1644 1772 εἰ
1675 1739 1714 1773 δὲ

178 1786 244 1819 οὖν
269 1795 305 1819 (ε
326 1785 417 1829 λάθῃ
437 1786 652 1827 παρειεδῦεα
667 1787 736 1819 278
760 1795 783 1819 a.
802 1783 929 1829 Sergio
953 1783 1139 1818 redditum
1158 1784 1214 1819 est
1232 1794 1298 1828 per
1315 1779 1371 1828 „si
1390 1794 1476 1819 vero
1494 1795 1560 1819 nos
1580 1783 1716 1829 fugerit

179 1833 217 1867 et
240 1830 456 1866 introieriffl.
482 1830 509 1866 Ι.
530 1830 565 1866 S.
586 1834 641 1875 63,
663 1833 719 1866 23.

297 1886 376 1918 779.
402 1883 427 1918 Ι.
449 1882 484 1918 S.
504 1886 559 1927 53,
579 1886 624 1918 22
649 1893 791 1927 „neque
815 1882 961 1918 invidus
985 1882 1096 1917 fuerit
1120 1893 1237 1927 neque
1261 1882 1486 1919 laboraverit
1509 1881 1713 1928 cupiditate

180 1929 358 1975 argenti“.

297 1986 375 2018 780.
403 1983 428 2016 Ι.
449 1981 484 2017 S.
505 1985 561 2026 54,
580 1985 626 2017 24
650 1992 791 2028 „neque
815 1993 882 2018 nos
909 1981 1092 2018 omnino“.

298 2032 376 2065 781.
401 2028 429 2064 I.
451 2028 485 2064 S.
506 2032 561 2073 61,
583 2033 628 2064 25
653 2029 756 2074 „vice
782 2028 1045 2074 amputationis
1070 2029 1109 2064 et
1133 2027 1371 2064 adustionis“.

298 2079 375 2112 782.
402 2075 428 2111 Ι.
450 2074 484 2110 S.
506 2079 562 2120 63,
585 2080 627 2111 18
641 2087 668 2111 s.
686 2087 713 2111 s.
740 2075 890 2120 „itaque
915 2076 1061 2121 oportet
1083 2086 1150 2111 nos
1176 2085 1304 2120 saepes
1329 2076 1538 2110 construere
1570 2076 1607 2110 et
1634 2087 1716 2120 pro-

180 2123 318 2170 pellere
349 2134 372 2158 a
395 2121 504 2157 nobis
529 2122 763 2158 calumniam.
813 2122 1065 2158 Construimus
1097 2123 1219 2158 autem
1250 2122 1340 2157 istas
1370 2132 1515 2167 saepes,
1547 2121 1578 2156 si
1608 2122 1716 2157 fidem

183 2169 304 2206 verbis
330 2169 429 2204 illius
447 2169 589 2205 nullam
607 2168 821 2205 habemus“.
858 2169 1012 2205 Iteravit
1035 2169 1149 2214 igitur
1173 2168 1442 2214 quodammodo
1463 2168 1613 2214 Sergius
1637 2179 1716 2204 ver—

181 2218 320 2253 sionem
350 2215 455 2251 verbi
485 2217 753 2261 ἀποτειχιοτέον
789 2217 875 2251 ante
907 2216 1249 2261 interpretationem
1281 2214 1398 2251 dativi
1429 2215 1718 2251 instrumentalis

179 2269 225 2309 τῇ
252 2263 405 2308 ‹ime-riq.
444 2262 485 2297 Id
505 2263 603 2307 quod
624 2262 702 2298 sine
722 2262 972 2299 controversia
989 2273 1064 2298 non
1081 2263 1240 2306 fecisset,
1261 2262 1334 2297 nisi
1352 2261 1549 2298 coniuncta
1566 2261 1718 2307 legisset

180 2311 449 2353 ἀποτειχιετέον
472 2314 518 2355 τῇ
545 2310 697 2356 ἀπιστίᾳ.

299 2359 377 2392 783.
403 2356 431 2392 I.
451 2355 486 2391 S.
507 2360 563 2400 64,
582 2360 603 2392 8
619 2369 645 2392 s.
660 2369 688 2392 6.
714 2356 909 2400 „avertunt
932 2355 1031 2391 enim
1057 2356 1182 2392 oculos
1207 2356 1275 2391 etc.
1301 2354 1509 2392 timentes&

299 2406 378 2439 784.
404 2404 431 2438 I.
451 2402 487 2438 S.
507 2406 562 2448 79,
581 2407 604 2438 4
629 2404 738 2447 „sunt
762 2401 860 2438 enim
885 2413 930 2438 ex
954 2402 1041 2439 eis“.
1454 2443 1460 2449 ,

299 2453 377 2485 785.
404 2450 430 2486 1.
452 2449 486 2484 S.
507 2453 562 2493 63,
586 2453 629 2484 10
644 2462 671 2485 s.
697 2449 820 2494 „quod
846 2460 930 2485 eum
956 2450 1056 2496 cogit
1079 2449 1267 2486 molestias
1293 2447 1508 2484 sustinere“.

301 2500 380 2532 786.
406 2498 431 2532 Ι.
452 2495 486 2531 S.
507 2500 564 2540 49,
585 2500 628 2532 16
654 2497 759 2540 „cibo
785 2496 981 2542 corporis“.

301 2547 380 2579 787.
406 2543 432 2577 I.
454 2542 490 2579 S.
518 2546 580 2587 50,
605 2545 627 2577 4
651 2543 783 2579 Κῇιυέ.
810 2563 851 2569 -
878 2543 1029 2589 Proprie
1060 2543 1145 2589 Cyri
1174 2553 1309 2579 nomen
1340 2542 1406 2578 est.
1456 2541 1506 2577 Ut
1534 2541 1647 2577 etiam
1673 2541 1719 2577 de

183 2592 302 2627 Xerxe
333 2589 548 2636 cogitarem,
582 2589 667 2625 inde
696 2590 836 2625 factum
869 2591 942 2635 est,
974 2591 1071 2636 quod
1097 2590 1216 2625 Kfirus
1245 2600 1312 2635 pro
1338 2588 1477 2625 Graeco
1501 2589 1638 2633 Ξέρξη(
1662 2590 1720 2624 est

184 2638 297 2674 Arist.
317 2637 362 2672 de
381 2637 504 2672 mund.
519 2638 561 2672 A.
576 2636 611 2673 S.
625 2640 703 2681 150,
716 2640 771 2672 23.
809 2637 912 2671 Darii
931 2638 1028 2673 certe
1047 2647 1181 2672 nomen
1194 2636 1342 2682 Sergius
1359 2646 1434 2671 non
1444 2634 1550 2680 legit,
1567 2636 1610 2670 ut
1621 2634 1720 2679 quod

183 2687 226 2721 A.
244 2685 279 2720 S.
299 2683 323 2720 1.
341 2683 363 2719 1.
384 2682 586 2719 rectissime
605 2682 828 2729 exprimeret
844 2694 909 2728 per
927 2683 1087 2729 Darijfis.
1102 2704 1144 2710 —
1164 2683 1191 2720 L
1205 2683 1240 2719 S.
1261 2683 1323 2719 1.1.
1343 2693 1472 2727 „omne
1492 2682 1718 2728 argentumn

301 2734 380 2766 788.
406 2730 433 2766 I.
454 2730 489 2766 S.
510 2734 566 2776 51,
588 2733 629 2765 12
657 2729 916 2775 „venatoribus
941 2729 1067 2766 idiotis
1097 2729 1317 2775 (hidj-ut6)“.

305 2780 382 2812 789.
409 2777 435 2812 Ι.
457 2777 491 2813 S.
512 2780 567 2820 53,
588 2782 608 2812 3
635 2777 696 2822 „id
721 2777 818 2823 quod
843 2776 1039 2813 manifesto
1064 2777 1123 2813 lex
1147 2776 1338 2813 Persarum
1362 2775 1441 2811 fieri
1463 2776 1599 2811 vetat‘fl

304 2827 382 2859 790.
410 2824 436 2858 Ι.
458 2823 492 2859 S.
512 2827 567 2868 55,
590 2827 632 2859 16
646 2836 673 2859 s.
699 2834 814 2869 „quos
839 2823 953 2868 igitur
977 2823 1126 2868 laqueos
1154 2825 1193 2859 et
1216 2833 1310 2868 quae
1332 2822 1462 2858 retia“.

303 2873 380 2906 791.
406 2870 433 2905 Ι.
455 2871 490 2908 S.
511 2874 567 2916 66,
589 2874 674 2907 146.
699 2869 794 2916 „nisi
817 2881 903 2907 vero
929 2870 1136 2908 deriderent
1161 2869 1268 2907 multi
1295 2870 1406 2907 verba.
1429 2870 1545 2906 meast‘.
