1820 3126
606 99 898 136 Lucubrationes
925 97 1209 143 Syro-Graecae.
1607 96 1694 138 489

130 228 181 254 ex
213 214 493 265 antiquiore
524 213 724 264 quodam
764 211 1018 261 florilegio
1057 210 1412 250 sententiarum
1444 210 1694 249 Menandri

130 275 436 326 Syriacarum
474 273 530 312 ab
564 273 751 312 homine
784 284 951 322 parum
985 271 1124 310 acuto
1163 270 1246 309 aut
1280 270 1507 322 diligenti
1541 269 1692 309 inter-

129 335 294 385 polato
320 335 367 372 et
391 333 709 384 amplificato.

246 393 330 432 Iam
366 394 414 432 de
447 393 643 442 florilegio
680 393 806 431 altero
841 404 865 430 a
896 390 1090 430 Sachavio
1127 389 1233 429 edito
1269 390 1527 440 inquiramus.
1586 389 1693 427 Illud

128 453 335 504 antiquum
361 455 402 492 et
425 453 626 503 integrum
652 451 813 490 minime
839 463 944 502 esse,
977 450 1047 490 sed
1078 450 1128 488 ab
1158 463 1224 501 eo,
1251 450 1320 500 qui
1344 449 1544 500 libellum,
1574 462 1694 499 quem

129 515 246 553 antea
272 513 473 562 descripsi,
500 512 813 563 „sententiarum
840 511 1076 550 selectarum
1102 507 1454 560 philosophorum“
1481 509 1695 558 contexuit,

129 587 150 613 e
181 572 396 623 copiosiore
430 573 707 622 excerptum
740 571 804 611 vel
834 571 921 621 ipse
951 570 1076 610 libelli
1108 569 1253 608 titulus
1288 569 1447 608 indicat.
1503 568 1630 618 Atqui
1661 569 1694 606 si

129 647 152 672 a
184 632 338 671 duabus
369 632 507 682 primis
539 631 748 670 sententiis
781 630 1035 679 discedimus,
1070 642 1206 668 omnes
1239 629 1425 679 florilegii
1457 628 1695 668 Sachaviani

131 691 352 732 sententiae
378 694 419 731 et
444 691 599 739 eodem,
634 703 710 742 quo
742 691 932 740 leguntur
957 691 999 728 in
1023 689 1161 728 libello
1188 690 1502 738 „sententiarum
1529 689 1691 727 selecta-

127 765 215 792 rum
226 749 261 803 “,
293 752 429 790 ordine
464 753 520 801 et,
555 754 602 790 ut
634 753 789 789 taceam
821 751 869 789 de
901 750 1038 801 paucis
1070 749 1291 799 scripturae
1322 749 1608 799 varietatibus,
1645 748 1694 786 ad

130 812 295 852 verbum
323 824 531 862 expressae
556 811 598 849 in
622 811 816 860 florilegio
842 810 1048 849 Landiano
1073 808 1340 859 reperiuntur.
1384 809 1531 847 Mirum
1557 810 1695 847 autem

134 875 206 921 est,
234 873 350 923 longe
376 872 570 921 plurimas
597 866 692 924 (frg.
719 865 883 923 5—17)
909 869 1077 921 reperiri
1102 870 1144 908 in
1170 881 1216 908 ea
1240 869 1355 918 parte
1381 869 1566 916 florilegii
1590 868 1694 906 Lan—

132 933 256 979 diani,
293 945 371 982 qua
402 931 611 981 antiquum
644 931 821 969 ordinem
854 930 1076 969 miserrime
1101 929 1255 967 turbari
1281 928 1464 968 vidimus.
1526 929 1696 967 Restant

131 993 211 1031 tria
235 991 422 1042 florilegii
447 990 683 1030 Sachaviani
714 990 938 1040 fragmenta
965 991 1008 1038 3,
1035 991 1080 1038 4,
1110 990 1176 1028 18.
1225 989 1319 1039 Frg.
1346 990 1390 1037 4,
1422 988 1529 1039 quod
1560 990 1623 1027 est
1653 988 1695 1025 in

131 1051 334 1091 Landiano
369 1053 442 1101 19,
479 1051 529 1089 ab
561 1050 725 1101 antiqua
756 1050 881 1100 stirpe
913 1049 1110 1088 Landiani
1141 1049 1314 1087 alienum
1348 1060 1434 1087 esse
1466 1061 1581 1087 nemo
1616 1060 1696 1086 non

130 1112 250 1151 videt.
295 1111 357 1150 Ne
384 1112 408 1150 3
436 1111 606 1161 quidem,
631 1109 739 1160 quod
763 1110 803 1148 in
830 1109 1035 1148 Landiano
1058 1111 1112 1148 18
1139 1110 1212 1158 est,
1239 1109 1347 1147 certo
1373 1108 1535 1157 probari
1559 1109 1694 1158 potest

130 1184 208 1210 non
245 1183 331 1210 esse
370 1182 458 1210 sero
489 1170 778 1219 interpositum.
834 1169 1014 1219 Denique
1049 1170 1120 1220 18,
1160 1169 1263 1218 quod
1295 1169 1336 1206 in
1368 1168 1574 1207 Landiano
1610 1169 1693 1207 153

131 1233 209 1278 est,
240 1243 290 1269 ne
321 1230 371 1269 ab
403 1230 690 1279 interpolatore
716 1229 910 1268 Landiani
935 1229 1114 1268 additum
1146 1228 1217 1279 sit,
1249 1229 1314 1268 vel
1339 1229 1552 1278 propterea
1577 1227 1694 1266 facile

130 1290 323 1341 verearis,
362 1290 467 1341 quod
499 1290 540 1328 in
570 1288 774 1328 Landiano
807 1301 885 1327 non
915 1289 1118 1340 integrum
1150 1289 1355 1328 servatum
1385 1290 1448 1327 est
1479 1287 1549 1327 sed
1579 1287 1694 1327 initio

131 1351 189 1390 ita
211 1350 485 1398 immutatum,
509 1351 556 1387 ut
582 1349 631 1387 ad
656 1348 773 1400 frgm.
797 1350 878 1388 152
907 1349 1109 1387 commode
1136 1348 1426 1398 applicaretur,
1450 1347 1695 1398 tamquamsi

131 1422 251 1448 unam
283 1409 486 1449 efficerent
511 1409 587 1448 duo
614 1409 840 1458 fragmenta
865 1409 1114 1447 sententiam.
1165 1408 1308 1458 Itaque
1338 1420 1419 1446 non
1452 1408 1599 1459 solum,
1632 1420 1695 1458 ne,

131 1470 171 1508 id
210 1469 314 1520 quod
346 1469 476 1508 facere
509 1481 582 1519 per
612 1468 809 1508 rationem
840 1469 1032 1519 temporis
1064 1470 1171 1507 certe
1203 1467 1368 1519 licebat,
1409 1481 1457 1506 ex
1488 1467 1695 1506 Landiano

131 1529 218 1579 ipso
244 1529 482 1580 florilegium
508 1528 799 1568 Sachavianum
825 1531 1053 1578 excerptum
1079 1541 1165 1567 esse
1190 1529 1389 1578 putemus,
1417 1529 1563 1579 obstat,
1589 1527 1695 1577 quod

131 1589 355 1639 fragmenta
388 1588 623 1628 Sachaviani
661 1589 834 1638 primum
866 1590 907 1627 et
938 1589 1109 1627 alterum
1139 1589 1300 1638 integra
1334 1589 1375 1626 et
1405 1587 1564 1626 initium
1596 1587 1694 1626 duo-

131 1648 358 1688 devicesimi
392 1648 433 1687 111
459 1648 663 1686 Landiano
696 1649 856 1698 desunt,
890 1648 1039 1687 sedne
1070 1650 1205 1698 potest
1230 1647 1388 1697 quidem
1413 1647 1472 1685 ita
1496 1660 1560 1686 res
1586 1647 1694 1686 facta

132 1721 241 1756 esse,
273 1709 319 1747 ut
343 1708 392 1747 de
417 1708 554 1747 eodem
581 1708 796 1758 exemplari
827 1715 868 1746 et
893 1708 1283 1747 sententiaecodicis
1313 1708 1455 1746 14658
1482 1707 1692 1746 transscri-

130 1768 322 1806 berentur
340 1768 476 1818 paucis
495 1768 599 1806 forte
619 1768 775 1807 omissis
801 1769 842 1806 et
859 1767 905 1818 is,
931 1768 999 1818 qui
1017 1768 1202 1806 libellum
1228 1767 1541 1818 „sententiarum
1568 1767 1693 1806 selec-

132 1824 289 1866 tarum“
314 1827 528 1878 contexuit,
554 1840 645 1866 suas
667 1828 905 1877 excerperet.
950 1827 1076 1874 Quam
1097 1827 1202 1866 enim
1223 1828 1272 1866 ob
1291 1840 1376 1865 rem
1396 1829 1581 1876 putemus
1602 1840 1690 1865 eum

131 1899 181 1925 ne
218 1900 339 1926 unam
371 1887 531 1938 quidem
563 1887 818 1938 sententiam,
856 1900 957 1937 quae
989 1888 1040 1926 ad
1073 1888 1278 1938 antiquam
1311 1887 1477 1938 stirpem
1508 1886 1695 1938 florilegii

131 1947 326 1986 Landiani
360 1947 596 1998 pertineret,
634 1947 794 1997 dignam
831 1947 1008 1999 duxisse,
1046 1960 1166 1997 quam
1199 1947 1336 1986 libello
1369 1959 1439 1985 suo
1471 1946 1694 1986 insereret?

133 2005 261 2052 Quid?
297 2007 402 2057 quod
428 2008 535 2046 certo
560 2007 722 2056 probari
749 2008 882 2057 potest
912 2007 1023 2045 illam
1054 2007 1220 2057 stirpem
1245 2007 1281 2046 ei
1307 2006 1465 2046 omnino
1491 2007 1694 2057 cognitam

132 2078 211 2104 11011
247 2066 381 2105 fuisse.
429 2066 476 2104 In
514 2067 634 2105 tertia
669 2067 773 2105 enim
804 2067 1003 2117 particula
1033 2067 1161 2106 libelli
1194 2067 1256 2106 sui
1287 2067 1423 2116 posuit
1453 2067 1693 2106 sententiam

132 2125 316 2176 florilegii
351 2126 547 2164 Landiani
579 2128 645 2166 67.
701 2126 815 2165 Unde
851 2129 1020 2177 apparet
1057 2140 1147 2166 eum
1189 2127 1428 2166 sententiam
1465 2126 1577 2165 illam
1620 2139 1693 2177 pro

132 2185 373 2225 Menandrea
402 2198 482 2224 non
510 2186 716 2235 habuisse,
750 2188 796 2225 ut
827 2199 945 2237 quam
975 2187 1217 2226 incertorum
1250 2186 1457 2226 sententiis
1488 2187 1694 2225 insereret.

133 2244 382 2284 Prodebatur
413 2257 506 2284 vero
537 2258 610 2296 pro
635 2246 876 2285 Menandrea
905 2247 1011 2286 inter
1041 2247 1225 2297 antiquas
1258 2247 1476 2286 sententias
1508 2246 1694 2296 florilegii

133 2303 338 2343 Landiani.
391 2304 531 2355 Neque
564 2305 689 2355 igitur
722 2306 959 2356 relinquitur
989 2307 1066 2345 nisi
1098 2307 1399 2358 florilegium
1432 2306 1692 2345 Sachavia-

132 2376 239 2402 num
265 2367 312 2403 et
335 2364 744 2414 interpolationes
769 2366 1009 2416 florilegii
1032 2366 1268 2406 Landiani
1294 2380 1346 2406 ex
1371 2367 1534 2405 eodem
1559 2367 1692 2405 fonte

133 2424 411 2464 manavisse.

247 2483 348 2522 Duo
367 2483 482 2522 initio
501 2483 623 2522 fuisse
643 2485 993 2524 sententiarum
1014 2486 1416 2525 Menandrearum
1442 2485 1694 2536 florilegia

135 2542 334 2593 Syriaca
356 2545 543 2593 putemus
574 2555 734 2583 necesse
760 2546 833 2583 est.
881 2544 1100 2584 Alterum
1133 2545 1190 2585 ad
1221 2547 1405 2584 certum
1437 2558 1691 2595 argumen-

133 2605 290 2642 torum
315 2602 529 2642 ordinem
560 2602 684 2641 illud
715 2603 1022 2656 dispositum,
1055 2606 1178 2656 quod
1210 2605 1457 2655 antiquam
1490 2605 1692 2654 stirpem

134 2660 370 2700 Landiani
401 2662 578 2709 efficit,
613 2663 822 2702 constabat
853 2677 900 2703 ex
929 2664 1166 2714 fragmentis
1198 2664 1321 2703 Land.
1350 2666 1492 2713 1-3,
1522 2666 1690 2716 6—10,

138 2721 337 2773 14—17,
365 2723 438 2772 20,
466 2723 539 2773 22,
566 2723 769 2772 30—-55,
796 2723 869 2773 58,
897 2725 970 2775 59,
999 2726 1190 2772 61—89‚
1226 2725 1416 2774 91—96,
1445 2725 1690 2774 137—-152‚

136 2780 360 2831 alterum,
386 2781 520 2820 cuius
546 2783 730 2820 certum
756 2782 968 2822 ordinem
993 2785 1148 2823 fuisse
1173 2796 1263 2823 non
1287 2786 1451 2834 potest
1475 2784 1691 2835 probari,

137 2833 378 2880 ab'auctore
409 2841 535 2879 libelli
562 2842 876 2889 „sententiarum
903 2840 1170 2883 selectarum“
1204 2843 1479 2895 compilatum,
1514 2857 1560 2882 ex
1585 2844 1689 2894 frag-

137 2899 280 2938 mentis
306 2899 419 2939 Sach.
443 2902 478 2950 1,
500 2902 544 2950 2,
576 2900 698 2939 Land.
720 2902 759 2951 4,
780 2902 824 2952 5,
855 2915 956 2952 quae
988 2904 1039 2942 ad
1069 2916 1214 2942 nexum
1241 2903 1496 2953 ordinemque
1522 2903 1689 2942 alterius
