1820 3126
31 356 33 361 ’
109 359 303 400 scribendi
321 371 467 410 genere
487 357 696 406 Lucianeo,
723 357 800 396 nisi
820 357 952 396 omnia
970 370 1034 396 me
1052 357 1211 408 fallunt,
1231 370 1372 407 parum
1392 358 1595 397 absonam,

588 123 882 162 Lucubrationes
909 123 1196 170 syro-Graecae.
1582 124 1666 166 461

109 241 235 280 Immo
260 240 433 291 pendent
458 251 482 277 a
502 237 599 288 χρὴ,
624 238 730 289 qu‘od
756 251 802 277 ex
826 237 940 277 initio
967 237 1108 289 capitis
1135 238 1400 288 supplendum
1420 240 1491 277 est.
1536 237 1672 277 Verba

109 303 242 340 autem
278 299 368 339 inde
405 299 456 338 ab
494 294 603 348 ὅπερ
642 311 766 349 usque
803 297 852 336 ad
890 294 1050 346 ἡδονὰς
1083 298 1407 337 interclusionem
1439 297 1672 376 efficiuntwa

227 429 533 482 Subiungendae
565 432 658 468 sunt
688 431 878 479 quatuor,
909 441 1030 478 quae
1056 429 1112 467 ad
1138 428 1508 478 explicationem
1535 441 1671 478 spec-

107 492 231 540 tant,
268 489 698 540 interpolationes,
729 501 849 539 quae
881 501 1022 528 veras
1055 488 1328 538 scripturas
1359 488 1480 527 locis
1514 487 1670 526 demo-

23 546 31 574 ἶ
107 552 299 591 verunt:

223 622 281 661 XI
293 622 390 670 425,
409 622 462 660 18
482 620 565 659 lbb.
585 619 673 659 Grr.
700 616 892 668 κατίςχυε
932 619 958 658 S
977 615 1227 668 ἑπηλύγαζε,
1256 620 1323 658 ubi
1342 619 1421 658 lbb.
1443 619 1533 658 Grr.
1553 619 1673 657 inter-

9 655 36 710 2„
109 672 400 732 pretamentfim
428 680 622 730 praebent
646 692 787 730 parum
813 681 962 729 aptum,
989 684 1192 729 sumptum
1216 679 1317 717 illud
1336 679 1496 730 quidem
1516 691 1564 718 ex
1582 692 1674 718 ver-

21 755 26 787 5
106 741 169 781 bis
194 740 272 791 τὴν
296 737 472 780 πάντων
498 733 867 792 ἰςχυροτέραν704),

224 813 281 851 XI
300 813 399 862 425,
424 813 475 850 19
502 811 582 850 lbb.
609 810 697 849 Grr.
724 807 905 849 πιθανὸν
942 809 968 847 S
995 803 1280 862 ποικίλονῖθὸ),

223 872 317 910 XXI
337 872 434 918 428,
451 872 475 910 5
503 871 607 909 arch.
633 870 713 908 lbb.
736 869 823 908 Grr.
850 866 1041 918 λαθρηδὰ
1060 866 1127 908 καὶ
1147 867 1253 917 πρὸς
1274 866 1349 908 οὖς
1369 863 1490 922 (conf.
1510 884 1547 920 p.
1563 864 1670 923 458)

107 928 321 981 λεγόμενα
364 931 390 969 S
416 927 524 979 πρὸς
555 926 629 969 οὖς
662 925 966 978 ψιθυριζόμενα
1003 922 1123 982 (conf.
1157 925 1390 978 ψιθυρίζειν
1422 930 1586 968 verbum
1620 930 1668 967 de
1740 930 1749 938 '

107 991 305 1031 calumnia
338 990 559 1029 adhibitum
593 990 748 1040 Alciph.
781 988 1016 1038 ep.11185;
1057 988 1194 1027 Them.
1222 1001 1276 1028 or.
1303 989 1399 1027 XXI
1419 990 1502 1028 262
1519 1002 1556 1040 ο,
1594 989 1669 1027 Ies.

0 1044 30 1080 Γ
106 1051 178 1090 Sir.
203 1052 268 1101 12,
294 1052 368 1102 203
398 1049 506 1088 LXX
531 1049 595 1088 Ps.
616 1050 685 1098 40,
707 1050 751 1099 83
778 1048 885 1087 Suid.
913 1045 1135 1097 ψιθυρίζει·
1170 1043 1424 1102 διαβάλλει),
1455 1049 1525 1087 ubi
1552 1061 1670 1099 quam

106 1111 222 1150 facile
259 1110 435 1160 potuerit
469 1105 771 1158 ψιθυριζόμενα
808 1121 879 1158 per
899 1105 1108 1156 ⁴Mrflpnbdt
1145 1104 1357 1156 λεγόμενα
1397 1108 1584 1158 explicari
1614 1108 1672 1146 in-

109 1171 242 1210 dicant
266 1170 402 1221 glossa
426 1168 618 1220 Hesychii
643 1169 684 1207 et
709 1168 871 1206 Suidae:
899 1165 1122 1216 ψιθυρίζει·
1155 1164 1215 1206 εἰς
1239 1165 1289 1206 τὸ
1322 1164 1396 1207 οὖς
1422 1165 1556 1217 ἠρέμα
1581 1167 1669 1206 δια-

106 1227 275 1277 λέγεται
306 1231 348 1268 et
381 1229 501 1268 schol.
529 1228 646 1278 Soph.
674 1228 735 1268 Ai
760 1229 842 1267 148
869 1225 1093 1276 ψιθύρους”
1130 1224 1353 1277 κρυφίους,
1386 1224 1521 1277 ἠρέμα
1546 1227 1670 1275 λεγο-

105 1287 260 1339 μένους
270 1283 322 1309 ⁷⁰⁶

225 1283 441 1399 XXI)428,
465 1349 488 1387 6
524 1347 604 1386 lbb.
638 1346 726 1386 Grr.
765 1343 971 1386 ὑπονοίας
1021 1346 1047 1385 S
1085 1343 1355 1396 καινουργίας
1394 1341 1512 1400 (conf.
1550 1346 1668 1386 Isocr

107 1408 336 1447 Archidam
358 1410 431 1458 50,
469 1407 583 1447 Dion.
610 1407 699 1445 Hal.
725 1407 774 1445 de
798 1406 919 1446 Isocr.
945 1407 1025 1445 iud.
1047 1407 1144 1454 553,
1166 1409 1210 1457 9,
1249 1406 1385 1445 Them.
1413 1419 1467 1445 or.
1487 1406 1545 1445 IV
1567 1408 1670 1457 6103

109 1467 199 1519 Cyr.
230 1467 342 1507 Alex.
373 1468 415 1506 in
446 1467 547 1506 Iesa.
574 1479 658 1517 cap.
686 1467 742 1506 54
774 1468 815 1505 et
846 1479 870 1504 a
899 1466 1075 1505 Luciano
1107 1468 1300 1516 usurpata
1331 1463 1380 1504 τὸ
1413 1463 1670 1515 καινουργόν

107 1528 199 1579 Tyr.
218 1529 292 1579 263
317 1527 447 1567 Prom.
463 1528 487 1566 3
516 1529 557 1565 et
581 1526 850 1575 καινουργεῖν
868 1526 999 1565 Prom.
1022 1528 1065 1575 63
1090 1526 1250 1574 Peregr.
1266 1521 1354 1578 20),
1380 1526 1450 1564 ubi
1471 1526 1669 1576 scriptura

107 1587 300 1637 Sergiana
336 1588 400 1627 vel
438 1587 535 1626 locis
561 1587 666 1637 428,
688 1587 712 1625 3
744 1583 794 1624 τὸ
827 1582 1081 1635 φιλόκαινον
1113 1588 1154 1624 ct
1179 1586 1282 1634 428,
1304 1587 1331 1624 4
1363 1582 1416 1624 τὰ
1447 1583 1670 1634 παράδοξα

105 1645 193 1686 τῶν
219 1643 495 1695 ἀκουςμάτων
522 1640 914 1699 commendatur‘107),

224 1706 360 1745 XXIII
381 1707 479 1756 428,
502 1707 554 1745 19
577 1717 606 1745 s.
631 1705 712 1743 lbb.
733 1704 822 1743 Grr.
848 1701 961 1753 ἔγνω
988 1702 1122 1754 μάτην
1146 1702 1253 1743 κατὰ
1277 1704 1354 1743 τοῦ
1374 1701 1504 1754 φίλου
1524 1715 1668 1753 παρω-

107 1764 312 1815 ξυμμένος
350 1765 376 1803 S
402 1762 514 1814 ἰάθη,
547 1765 698 1804 scilicet
729 1765 803 1813 τῆς
836 1761 983 1814 ὀργῆς,
1017 1777 1119 1815 quae
1145 1764 1341 1803 scribendi
1367 1765 1471 1803 ratio
1497 1765 1583 1803 tota
1609 1766 1670 1803 est

107 1825 317 1864 Lucianea.
369 1824 478 1864 Conf.
503 1825 598 1875 gall.
619 1825 673 1863 28
700 1821 787 1872 ἐγώ
823 1835 865 1863 ςε
898 1821 1080 1873 ἰάςομαι,
1114 1819 1148 1862 ὦ
1175 1820 1380 1873 Μίκυλλε,
1413 1824 1562 1863 scilicet
1594 1824 1669 1872 τῆς

105 1878 471 1937 φιλαργυρίας.708)

225 1956 352 1995 Multo
377 1968 472 1995 vero
499 1956 700 1994 densiores
724 1955 799 1994 loci
826 1957 930 2006 sunt,
958 1955 1029 1994 ubi
1054 1955 1495 2005 interpretamenta
1519 1955 1567 1993 in
1593 1967 1666 1994 co-

105 2016 294 2055 dicibus
325 2015 463 2054 iuxta
491 2014 728 2066 genuinas
762 2014 1033 2065 scripturas
1058 2014 1221 2064 posita
1247 2016 1368 2054 sunt.
1419 2014 1544 2065 Saepe
1569 2015 1667 2053 acci-

106 2075 182 2127 dit,
212 2078 259 2114 ut
288 2076 412 2114 verba
441 2075 482 2113 in
507 2075 687 2115 versione
714 2074 878 2125 Syriaca
910 2075 1194 2124 praetermissa
1226 2074 1291 2114 vel
1318 2087 1390 2125 per
1416 2087 1457 2114 se
1483 2078 1668 2125 suspecta.

107 2135 199 2174 sint.
253 2134 355 2173 Sunt
391 2137 525 2173 autem
562 2135 684 2173 etiam
721 2134 816 2184 loci,
853 2134 922 2173 ubi
959 2134 1135 2173 dubitari
1165 2135 1310 2184 possit,
1348 2136 1483 2173 utrum
1514 2134 1667 2173 codices

106 2193 247 2234 Graeci
282 2194 513 2244 interpolati
551 2195 631 2233 sint
668 2206 720 2232 an
757 2194 923 2245 antiqua
956 2196 997 2233 et
1027 2194 1203 2245 genuina.
1234 2194 1358 2234 verba
1388 2194 1430 2232 in
1463 2194 1489 2232 S
1520 2194 1667 2233 omissa

105 2254 264 2294 fuerint.
308 2253 411 2300 Quid
437 2254 616 2304 sentiam,
640 2266 872 2304 proponam.
915 2253 1218 2293 Secludcnda
1243 2253 1460 2293 secundum
1485 2254 1666 2293 testimo-

105 2314 215 2353 nium
241 2313 370 2364 Sergii
396 2325 482 2352 esse
509 2314 612 2352 sine
638 2313 976 2353 controversia
1000 2316 1097 2363 puto

221 2385 366 2436 V423,
378 2385 402 2424 5
414 2397 442 2423 s.
463 2380 558 2424 οἷον
578 2382 629 2433 δὴ
643 2383 720 2433 τὴν
735 2382 891 2424 λύτταν
905 2382 973 2424 καὶ
986 2383 1063 2434 τὴν
1077 2382 1210 2435 ὀργὴν
1225 2382 1473 2425 δεικνύουςα
1488 2379 1625 2437 (ACD
1635 2384 1665 2422 P

106 2440 200 2484 οἷον
225 2442 311 2495 διὰ,
345 2445 518 2483 fortasse
544 2443 657 2483 scrib.
684 2441 753 2483 διὰ
777 2442 932 2494 ταύτης
958 2445 1108 2484 scilicet
1131 2445 1206 2494 τῆς
1231 2439 1399 2498 δᾳδός),
1431 2457 1532 2495 quae
1558 2446 1666 2483 recte

105 2504 251 2544 habere
287 2517 364 2544 non
397 2516 516 2554 posse
547 2503 628 2542 iam
660 2502 833 2543 Cobetus
866 2504 1007 2554 sensit,
1046 2505 1114 2555 qui
1144 2505 1202 2543 ita
1234 2504 1545 2544 subveniendum
1579 2516 1666 2543 esse

105 2564 263 2614 putavit
286 2566 332 2602 ut
357 2563 597 2603 scriberetur
622 2560 855 2603 δεικνύουςι
879 2576 951 2614 pro
976 2561 1224 2604 δεικνύουςα
1240 2558 1321 2616 ⁷⁰⁹),

223 2623 322 2663 VIII
340 2625 439 2675 423,
460 2624 514 2662 38
536 2635 566 2662 s.
597 2618 733 2674 λάθρᾳ
763 2625 855 2672 post
886 2621 992 2663 κατὰ
1023 2623 1111 2663 τῶν
1142 2619 1360 2671 ἀπόντων,
1393 2622 1498 2673 quod
1522 2623 1665 2661 misere

105 2682 282 2733 languet,
307 2695 397 2722 cum
423 2682 510 2732 ipse
530 2682 726 2720 Lucianus
753 2683 993 2722 calumniam
1020 2683 1184 2722 definiat
1201 2678 1457 2731 κατηγορίαν
1481 2703 1531 2709 —-
1546 2703 1597 2709 —
1614 2703 1661 2709 —

105 2739 182 2781 τὸν
206 2739 579 2792 κατηγορούμενον
605 2740 835 2790 λεληθυιαν
848 2736 928 2795 ⁷¹⁰)

221 2801 322 2841 VIII
340 2802 438 2853 424,
459 2803 483 2841 3
501 2814 529 2840 s.
556 2797 663 2840 αὐτὰ
688 2797 772 2839 ὑπὸ
797 2801 871 2851 τῆς
891 2801 1091 2852 διαβολῆς
1111 2766 1535 2850 προ,εμπεπληςμένα
1562 2813 1664 2850 quae

13 2882 19 2908 ,κ
106 2861 222 2911 plane
253 2861 359 2975 711i1)1il
397 2861 587 2900 acuminis
625 2860 666 2898 in
702 2872 744 2900 se
774 2860 923 2900 habent
953 2861 1022 2900 sed
1054 2863 1140 2899 tota
1172 2861 1574 2910 interpretamentum
1605 2871 1663 2897 re-

107 2920 242 2960 dolent
270 2916 299 2940 ¹¹
327 2952 336 2971 ,
