1820 3126
216 105 302 147 454
829 105 874 141 A.
893 104 1128 141 Baumstark=

220 216 437 266 apographi
462 228 485 254 a
504 214 602 265 Syro
621 214 837 265 interprete
862 214 1027 254 adhibiti
1052 227 1135 254 esse
1160 215 1322 266 possint,
1346 216 1538 266 quoniam,
1563 216 1596 254 si
1614 227 1748 255 verum

221 274 364 323 sentio,
400 273 549 323 aliquid
586 273 778 323 propioris
815 273 1019 312 affinitatis
1055 273 1295 312 intercedere
1331 274 1487 313 videtur
1520 274 1622 312 inter
1651 273 1748 313 illud
1817 285 1820 294 ²

222 333 490 383 apographum
530 337 570 369 et
605 331 791 383 priorem,
834 345 951 383 quam
987 331 1275 383 Rothsteinius,
1317 332 1536 383 constituit,
1577 331 1750 372 codicum
1798 333 1820 370 fj

223 391 473 441 Graecorum,
498 390 565 441 qui
590 391 760 429 aetatem
784 391 971 441 tulerunt,
998 391 1197 429 familiam.

340 449 416 487 sed
449 449 498 487 ad
530 448 652 498 iPSius
684 449 949 498 apographi
981 448 1198 499 Sergiani
1231 451 1436 488 aetatem
1471 451 1517 488 et
1549 448 1752 488 indolem
1806 426 1820 484 ἶ

226 508 446 547 accuratius
480 506 738 546 definiendam
769 520 831 546 me
861 510 1096 547 convertam.
1144 507 1279 557 Ipsum
1310 507 1479 546 codicem
1503 508 1654 546 laesum
1685 509 1755 547 aut
1784 503 1820 534 ’Ἰ

226 567 497 606 oblitteratam
525 578 572 604 ex
596 567 708 615 parte
733 566 966 616 scripturam
991 566 1117 616 Sergii
1147 565 1386 615 temporibus
1411 566 1550 615 fuisse,
1580 565 1619 603 id
1651 565 1751 616 quod

229 626 408 674 exemplo
435 624 622 663 orationis
647 624 904 663 Demoniceae
929 624 978 662 ab
1003 624 1216 673 interprete
1247 624 1422 663 adhibito
1450 624 1633 663 accidisse
1657 623 1754 663 vidi-

227 697 333 733 mus,
366 683 478 722 nulla
508 684 616 732 sunt,
649 695 750 732 quae
780 682 967 732 indicent,
1000 682 1178 733 vestigia.
1226 682 1361 732 Neque
1394 683 1516 732 igitur
1546 684 1623 733 est,
1653 681 1756 732 quod

230 743 355 781 multo
393 743 485 780 ante
521 742 689 780 aetatem
728 740 853 792 Sergii
891 741 1109 790 exemplum
1147 742 1347 780 exaratum
1385 753 1469 779 esse
1505 740 1757 790 suspicemur.
1801 760 1803 763 ⁴

231 802 356 840 Immo
381 798 466 839 fieri
489 801 630 849 potest,
655 802 711 847 ut,
737 811 972 849 quamquam
990 799 1187 838 affirmare
1209 799 1249 837 id
1267 799 1425 838 minime
1443 800 1581 850 ausim,
1605 799 1758 848 abipso
1818 812 1820 845 j

236 859 373 909 Sergio
400 871 514 897 suum
532 858 574 896 in
592 870 704 896 usum
725 870 772 896 ex
789 858 1006 896 vetustiore
1025 858 1153 897 codice
1172 858 1472 907 transscriptum
1492 857 1621 896 fuerit.
1664 857 1760 895 Erat

236 918 340 958 enim
365 917 449 956 sine
473 916 737 956 controversia
767 917 1084 966 apographum
1111 916 1298 965 privato
1324 916 1431 955 usui
1454 915 1762 965 destinatum,
1812 911 1820 917 “

234 990 323 1016 non
350 976 612 1026 exemplum
635 975 682 1013 in
706 975 944 1024 publicum
970 974 1156 1013 editum.
1199 974 1335 1024 Neque
1355 974 1457 1013 enim
1475 974 1644 1024 plurima
1662 986 1760 1024 quae
1810 967 1814 974 ²

232 1036 287 1074 ibi
323 1034 478 1074 obviam
509 1034 630 1072 fuisse
661 1036 839 1083 apparet,
874 1033 971 1072 vitia
1003 1033 1188 1072 ineruditi
1225 1033 1387 1072 alicuius
1423 1032 1575 1071 librarii
1604 1044 1762 1070 manum

237 1094 406 1144 sapiunt,
432 1093 499 1131 sed
525 1092 620 1131 satis
646 1092 801 1142 eruditi,
825 1093 966 1131 utnon
984 1092 1109 1131 dicam
1129 1091 1233 1130 docti
1249 1091 1430 1141 hominis,
1454 1092 1520 1141 qui
1544 1091 1764 1139 exemplum

236 1153 312 1191 sibi
346 1151 589 1202 propositum
619 1150 737 1200 paulo
767 1150 1040 1200 properantius
1070 1152 1111 1188 et
1141 1150 1410 1200 neglegentius
1444 1149 1764 1198 transscripserit,
1816 1171 1820 1188 ;

235 1211 362 1251 veluti
397 1212 640 1260 peccatum
676 1210 778 1247 erat
815 1209 1062 1248 verborum
1106 1210 1248 1258 atque
1290 1209 1433 1246 etiam
1471 1209 1763 1258 integrarum
1816 1214 1820 1236 Ξ

237 1269 585 1308 sententiarum
609 1267 1050 1318 praetermissione,
1075 1267 1228 1306 omissis

357 1328 393 1366 X
417 1327 516 1375 425,
537 1328 560 1365 6
588 1322 774 1374 ἀτεχνῶς
801 1320 1013 1376 εὐθύεω),

355 1385 432 1424 XII
457 1386 554 1436 425,
575 1386 626 1423 27
655 1378 876 1437 povovfflg),

356 1444 434 1483 XII
459 1445 556 1490 425,
577 1444 629 1482 29
655 1443 716 1494 τῷ
741 1440 900 1494 πληείῳ
925 1439 1052 1482 οὐδὲν
1077 1442 1319 1490 κακουργῶν
1344 1437 1414 1495 (cf.
1440 1455 1475 1491 p.
1501 1436 1693 1493 463)⁶¹⁹)‚

357 1503 434 1541 XII
459 1503 556 1551 425,
577 1503 628 1540 31
657 1499 703 1540 ἐκ
726 1501 802 1540 τοῦ
826 1495 1068 1553 τάχουεθξο),

355 1561 432 1600 XII
458 1562 555 1606 425,
576 1561 629 1600 35
656 1555 890 1611 cerinum),

359 1619 436 1658 XII
462 1621 558 1667 425,
579 1620 631 1658 36
658 1613 988 1671 &mciaxroc622)‚

357 1678 450 1717 XIV
476 1679 578 1727 426,
606 1679 660 1716 10
679 1690 708 1715 s.
747 1674 814 1715 καὶ
845 1673 955 1715 ὅλως
991 1673 1182 1725 ἐρωτικαί
1218 1686 1327 1715 τινε(
1360 1674 1425 1714 καὶ
1458 1673 1636 1724 μοιχικαὶ
1665 1672 1770 1723 πρὸ(

245 1735 376 1779 αὐτὸν
401 1733 443 1775 αἱ
468 1728 749 1786 διαβολαίωῧ),

361 1795 455 1834 XIV
480 1796 577 1844 426,
598 1795 650 1833 16
678 1790 855 1832 ἀκούεαε
879 1787 1089 1846 εὐθύε624),

360 1854 432 1892 XX
452 1855 548 1904 427,
563 1854 618 1892 34
630 1866 659 1892 s.
685 1850 902 1901 ευγγενήε,
929 1851 1089 1900 μᾶλλον
1113 1848 1159 1890 δὲ
1185 1847 1349 1900 ἀδελφή
1375 1861 1434 1889 τι(
1466 1847 1567 1889 οὖεα
1592 1850 1665 1898 τῆ(
1684 1850 1769 1888 δια-

247 1907 431 1964 βολῆεθπ
451 1942 461 1962 ’

361 1907 554 2021 XX)427,
575 1970 628 2008 37
645 1982 674 2008 s.
708 1969 782 2018 τῆ(
815 1964 1032 2007 κολακεία(
1063 1970 1104 2007 et
1128 1965 1195 2007 καὶ
1218 1967 1350 2006 ταῦτα
1374 1963 1684 2015 ὑπορυττούεηε
1708 1963 1775 2005 καὶ

247 2028 347 2070 τοὺς
373 2026 590 2078 θεμελίου(
614 2021 959 2080 ὑφαιρούεηεθῖθ),

366 2088 458 2127 XXI
484 2089 581 2136 428,
603 2089 624 2126 7
652 2080 874 2136 ἡδέωεῦῡῖ),

367 2146 474 2185 XXX
499 2147 597 2193 429,
617 2147 670 2184 37
687 2158 717 2186 s,
741 2144 830 2184 τοῑε
855 2140 977 2183 πάθει
1002 2136 1434 2196 προειλημμένοιεῧῗθ),

369 2205 498 2244 ΧΧΧΙ
523 2206 620 2254 430,
642 2205 697 2243 10
721 2199 938 2242 ἀποδόντα
961 2199 1028 2241 καὶ
1052 2202 1112 2253 τῷ
1138 2198 1404 2251 διαβάλλοντι
1428 2198 1504 2240 τὸν
1523 2193 1778 2253 φθόνονω),

368 2263 530 2303 verbis
555 2275 801 2312 perperam
825 2260 1137 2310 transpositis

368 2323 387 2360 I
413 2324 515 2372 421,
542 2323 594 2360 29
619 2333 668 2360 ss.
701 2321 780 2359 lbb.
806 2319 894 2359 Grr.
927 2317 976 2358 τὸ
1008 2317 1083 2367 μὲν
1115 2316 1290 2366 πλήειον
1319 2315 1387 2357 καὶ
1416 2314 1530 2365 παρὰ
1559 2313 1693 2355 πόδα(
1724 2336 1778 2343 -——

253 2403 309 2410 —-
337 2402 387 2408 —
415 2377 474 2419 ὡ(
498 2378 705 2428 ἐνοχλοῦν
754 2378 780 2416 S
810 2376 860 2417 τὸ
885 2375 960 2427 μὲν
985 2374 1099 2426 παρὰ
1123 2373 1257 2416 πόδα(
1282 2397 1338 2404 —-
1362 2396 1418 2404 —
1445 2395 1498 2403 --
1523 2372 1582 2413 ὼε
1606 2373 1780 2424 πλήειον

253 2438 319 2480 καὶ
343 2432 641 2489 ἐνοχλοῦνὸῧο),

371 2499 391 2537 Ι
415 2499 512 2546 422,
532 2499 556 2535 5
578 2499 618 2535 et
638 2497 662 2535 8
683 2495 761 2535 lbb.
781 2495 869 2534 Grr.
899 2490 978 2542 ὑφ’
1003 2489 1064 2532 ὧν
1088 2492 1167 2542 ἤδη
1193 2491 1259 2533 καὶ
1278 2489 1383 2533 οἶκοι
1404 2513 1456 2519 -
1482 2513 1529 2519 -
1554 2512 1606 2519 -
1627 2489 1781 2531 πολλαὶ

256 2556 302 2597 δὲ
334 2554 400 2595 καὶ
431 2552 565 2605 φιλίαι
613 2554 639 2592 S
670 2549 749 2602 ὑφ’
780 2549 840 2592 ὧν
870 2551 948 2602 ἤδη
981 2550 1133 2591 πολλοὶ
1163 2550 1210 2591 δὲ
1241 2549 1307 2591 καὶ
1337 2547 1443 2590 οἶκοι
1469 2571 1521 2576 -
1553 2571 1600 2577 -
1628 2571 1685 2578 --
1716 2547 1782 2589 καὶ

258 2609 481 2667 φιλίαιὸῧι),

375 2673 430 2711 VI
450 2674 546 2723 423,
568 2673 618 2711 21
635 2683 665 2711 s.
693 2670 770 2709 lbb.
797 2668 882 2708 Grr.
908 2665 996 2720 ὅρῳ
1021 2666 1100 2708 τινὶ
1127 2663 1459 2717 περιγράψαντες
1484 2664 1631 2716 αὐτήν·
1670 2662 1782 2706 οὕτω

259 2730 338 2780 γὰρ
365 2729 415 2771 ἂν
440 2729 536 2780 ἡμῖν
561 2728 586 2779 ἡ
614 2726 737 2769 εἰκὼν
760 2726 927 2776 γένοιτο
953 2725 1218 2776 φανεροτέρα
1260 2726 1286 2764 S
1317 2723 1429 2765 οὕτω
1456 2722 1536 2774 γὰρ
1561 2722 1613 2764 ἂν
1636 2722 1734 2773 ἡμῖν
1756 2722 1782 2773 ἡ

260 2788 383 2831 εἰκὼν
408 2788 574 2837 γένοιτο
600 2785 864 2837 φανεροτέρα
888 2782 976 2837 ὅρῳ
1000 2796 1079 2825 τινι
1105 2780 1407 2834 περιγράψαειν
1420 2778 1480 2837 (i’)
1506 2777 1726 2837 aerfivm),

377 2847 473 2887 VIII
499 2849 596 2899 424,
622 2847 647 2886 8
676 2846 754 2886 lbb.
780 2845 865 2885 Grr.
890 2843 1069 2894 θατέρου
1095 2841 1246 2894 χείρων
1270 2841 1295 2892 ἢ
1321 2838 1502 2892 ἀμείνων
1549 2841 1576 2881 S
1607 2839 1784 2890 θατέρου
