1820 3126
556 154 845 198 Lucubrationes
870 158 1155 205 Syro-Graecae.
1545 151 1632 195 393

81 278 311 321 alterutrius
335 277 479 316 librum
506 276 626 315 etiam
647 273 806 325 Syriace
831 283 992 311 versum
1018 281 1114 309 esse.
1164 269 1252 307 Did
1261 280 1418 319 ymum
1444 279 1468 305 a
1489 265 1630 316 Sergio

82 351 309 392 expressum
349 349 429 376 non
471 348 557 374 esse
598 334 715 373 facile
758 334 891 383 potest
932 329 1208 370 demonstrari.
1270 328 1487 378 Didymum
1529 325 1633 364 enim

83 400 239 451 praeter
266 396 493 437 Anatolium
524 391 911 444 praestantissimum
938 402 1024 429 esse
1050 388 1367 439 Geoponicorum
1393 385 1634 426 Graecorum

82 460 278 499 auctorem
305 455 577 506 comprobavit
595 446 833 505 Odo1·us.²¹⁶)
869 449 994 500 Atqui
1019 461 1065 487 ex
1089 448 1283 496 omnibus,
1310 445 1379 498 qui
1398 447 1469 485 aut
1488 445 1635 484 diserte

85 531 106 558 e
129 516 291 568 Didymi
314 515 416 554 libro
441 515 662 553 afferuntur
686 513 758 551 aut
776 511 947 562 Didymo
973 507 1278 548 commendabili
1301 506 1529 546 coniectura
1552 505 1636 543 vin-

81 576 202 617 dicari
231 577 417 627 possunt,
447 573 543 612 locis
574 572 801 623 eclogarum
826 569 1068 609 Graecarum
1099 581 1149 607 ne
1179 579 1281 606 unus
1307 565 1466 617 quidem
1489 565 1531 603 in
1555 563 1635 614 epi-

81 640 189 676 toma
217 634 458 674 Londinensi
494 634 564 671 aut
594 632 635 671 in
666 630 848 670 versione
879 628 1051 668 Arabica
1082 627 1233 680 Kostae
1263 625 1470 676 reperitur.
1533 623 1637 670 Quin

83 696 203 736 etiam
233 694 425 744 reliquiae
456 690 796 743 interpretationis
823 689 1037 740 Sergianae
1067 686 1172 726 circa
1203 686 1361 737 singula
1386 685 1435 723 ab
1462 697 1507 723 eo
1532 683 1636 722 libro

84 754 395 805 Geoponicorum
420 752 591 791 maxime
617 751 853 801 discrepant,
879 749 990 788 cuius
1015 746 1253 798 praecipuus
1279 747 1416 784 auctor
1439 743 1636 794 Didymus

85 814 284 854 exstitisse
314 812 491 863 videtur,
521 811 672 850 decimo
704 810 871 859 scilicet,
903 808 972 858 qui
1002 809 1063 847 est
1094 807 1141 845 de
1172 806 1332 844 cultura
1363 796 1637 856 arborum.²¹⁷)

85 873 346 913 Cassianus
365 872 545 911 Bassus
570 870 740 921 denique
766 871 837 908 aut
855 867 985 918 Sergii
1009 869 1071 906 est
1095 866 1272 916 aequalis
1298 866 1369 903 aut
1387 865 1486 903 adeo
1506 865 1638 902 aetate

84 945 130 972 eo
166 932 341 972 inferior.
396 931 499 971 Nam
539 932 632 969 ante
670 929 872 968 saeculum
911 929 1065 967 sextum
1102 925 1339 965 Cassianum
1375 924 1552 963 floruisse
1589 935 1639 961 ne

84 991 212 1032 Odero
238 991 396 1043 quidem
419 990 580 1030 videtur
604 989 689 1029 veri
715 988 853 1028 simile.
902 986 1084 1036 Accedit,
1111 985 1234 1036 quod,
1260 984 1295 1023 si
1322 983 1502 1023 Cassiani
1528 994 1640 1033 opus,

82 1052 185 1103 quod
209 1054 339 1091 totum
363 1051 446 1090 fere
473 1052 534 1089 est
557 1050 598 1088 in
625 1048 773 1099 eclogis
795 1046 1054 1087 Constantino
1080 1045 1461 1095 Porphyrogenneto
1487 1042 1640 1091 dicatis,

85 1125 110 1151 a
135 1111 274 1162 Sergio
305 1123 465 1151 versum
497 1111 619 1158 esset,
653 1109 962 1147 consentaneum
993 1108 1080 1145 erat
1109 1106 1235 1144 multo
1268 1104 1390 1143 etiam
1416 1103 1641 1142 accuratius

84 1171 277 1211 versionis
297 1170 512 1220 Sergianae
537 1169 726 1219 reliquias
752 1180 840 1206 cum
867 1166 1014 1217 eclogis
1040 1165 1121 1204 illis
1147 1163 1368 1204 convenire.
1413 1163 1503 1212 Sed,
1527 1164 1575 1202 ut
1594 1174 1642 1201 ea

81 1232 317 1282 argumenta
346 1230 470 1269 missa
499 1228 660 1278 faciam,
690 1227 907 1278 Didymum
941 1229 982 1265 et
1006 1224 1240 1264 Anatolium
1264 1236 1343 1262 non
1368 1222 1547 1274 aequalis
1573 1222 1642 1261 ille

84 1290 334 1330 Constantini
345 1288 717 1340 Porphyrogenneti
736 1287 805 1326 sed
824 1286 1037 1324 manifesto
1056 1285 1138 1323 iam
1153 1283 1367 1323 Cassianus
1387 1283 1537 1322 Bassus
1556 1283 1642 1333 ipse

85 1349 298 1390 contexuit.
341 1349 467 1399 Atqui
491 1360 515 1386 a
534 1348 731 1398 Didymea
756 1346 935 1386 doctrina
960 1357 1056 1395 opus
1082 1357 1106 1383 a
1125 1343 1264 1394 Sergio
1291 1354 1519 1393 expressum
1545 1342 1642 1382 vidi-

85 1423 173 1449 mus
204 1422 320 1460 quam
355 1409 524 1447 maxime
549 1407 723 1446 alienum
747 1406 883 1445 fuisse.
936 1405 1041 1454 Ergo
1068 1403 1248 1443 Cassiani
1272 1402 1389 1442 Bassi
1412 1403 1537 1441 fuisse
1564 1414 1644 1442 non

85 1471 229 1520 potest.
252 1489 310 1496 —
334 1468 399 1507 Ita
423 1467 656 1518 certissima,
683 1466 840 1505 etiamsi
861 1465 966 1504 solos
986 1465 1116 1503 fontes
1136 1462 1355 1502 Arabicum
1375 1463 1417 1501 et
1435 1462 1642 1512 Syriacum

85 1531 324 1579 spectamus,
355 1527 657 1567 ratiocinatione
688 1539 734 1565 eo
766 1524 1016 1574 adducimur,
1049 1526 1093 1562 ut
1117 1536 1141 1562 a
1166 1522 1334 1573 Sergio
1360 1534 1529 1561 versas
1556 1534 1643 1561 esse

85 1591 307 1628 statuamus
339 1588 533 1638 eclogas
564 1586 776 1625 rusticas
796 1584 1028 1624 Vindanii
1062 1582 1284 1622 Anatolii
1308 1582 1519 1632 Berytii,
1546 1594 1645 1632 qua-

84 1662 172 1687 rum
209 1647 435 1695 circuitum,
472 1646 663 1699 indolem,
700 1645 925 1695 consilium,
962 1642 1250 1694 praestantiam
1284 1642 1450 1681 Photius
1482 1642 1643 1680 indicat.

85 1707 319 1758 Personam,
354 1706 606 1758 dignitatem,
641 1707 814 1744 aetatem
849 1704 924 1743 viri
954 1716 1034 1742 non
1066 1715 1171 1742 curo.
1229 1701 1339 1748 Quae
1371 1702 1419 1740 de
1450 1702 1525 1740 hoc
1559 1701 1644 1740 loco

86 1767 265 1818 adprime
294 1779 340 1806 eo
370 1766 521 1805 lubrico
554 1765 623 1804 alii
655 1765 775 1804 aliam
806 1764 848 1803 in
879 1765 1034 1814 partem
1058 1762 1384 1813 disputaverunt,
1416 1762 1464 1800 ad
1491 1763 1645 1800 certum

88 1839 171 1866 rem
203 1827 373 1866 fortasse
404 1838 609 1877 nunquam
639 1825 833 1875 redigent.
883 1823 1040 1873 Scripta
1069 1835 1164 1862 vero
1196 1821 1439 1861 Anatoliana
1469 1834 1517 1860 ex
1543 1820 1644 1859 Geo-

88 1886 239 1936 ponicis
277 1885 455 1936 Graecis,
499 1885 673 1935 epitoma
709 1884 890 1935 Syriaca,
931 1882 1077 1935 Kosta,
1117 1882 1298 1921 Palladio
1336 1881 1445 1920 facili
1481 1881 1645 1932 negotio

91 1946 197 1985 refici
221 1948 399 1997 possunt.
481 1955 484 1958 ’

205 2006 264 2044 Ac
306 2006 477 2055 primum
516 2003 671 2054 quidem
710 2003 979 2054 quaerendum
1017 2004 1079 2041 est
1115 2001 1360 2042 versionis
1400 2000 1645 2051 Syriacae,

92 2077 192 2117 quae
225 2066 320 2115 quin
351 2065 563 2104 admodum
589 2064 638 2102 ad
663 2063 828 2103 verbum
854 2063 960 2101 facta
983 2062 1121 2111 fuerit,
1153 2074 1224 2111 pro
1251 2060 1440 2099 universa
1465 2060 1647 2099 vertendi

88 2125 243 2165 ratione
270 2124 461 2175 Sergiana
485 2137 563 2163 non
589 2123 745 2173 dubito,
778 2123 959 2173 integrae
985 2121 1261 2160 fideliorem
1285 2120 1544 2170 imaginem
1571 2133 1645 2158 ex-

89 2184 256 2224 hibeat
299 2185 510 2234 epitoma
546 2182 867 2222 Londinensis
904 2194 963 2220 an
998 2181 1156 2221 versio
1194 2180 1415 2219 Arabica.
1454 2201 1511 2206 —
1549 2180 1645 2219 Ilico

89 2243 232 2294 aliquis
261 2244 409 2296 Kostae
435 2255 611 2294 causam,
637 2244 683 2281 ut
706 2242 764 2281 ita
789 2241 934 2290 dicam,
960 2240 1170 2290 adiudicet,
1196 2242 1241 2278 ut
1265 2239 1333 2290 qui
1358 2252 1491 2278 rerum
1518 2239 1645 2290 dispo-

89 2304 269 2343 sitionem
301 2304 491 2354 sequatur
522 2302 730 2341 clariorem
761 2301 1144 2350 commodioremque
1170 2300 1296 2338 multo
1323 2312 1442 2349 quam
1470 2300 1644 2349 epitoma

88 2363 249 2414 Syriaca
274 2364 315 2402 et
338 2363 531 2401 librorum
553 2374 719 2400 numero
745 2374 835 2400 cum
858 2361 945 2410 ipso
964 2359 1151 2399 Anatolio
1179 2359 1398 2399 conveniat.
1444 2359 1500 2398 At
1523 2372 1645 2409 quan-

88 2426 172 2462 tum
198 2421 376 2461 adfertur
400 2422 529 2472 prima
553 2421 682 2471 specie
706 2420 953 2460 coniecturae
979 2419 1293 2470 probabilitatis,
1329 2421 1486 2457 tantum
1512 2419 1644 2458 detra-

91 2482 217 2532 hitur,
253 2482 287 2521 si
323 2481 545 2520 accuratius
584 2482 820 2531 spectamus.
877 2480 1015 2529 Neque
1054 2478 1157 2518 enim
1194 2478 1388 2518 librorum
1426 2478 1645 2528 dispositio,

91 2554 191 2593 quae
215 2544 278 2580 est
301 2541 342 2580 in
367 2541 542 2592 epitoma
565 2539 827 2590 Londinensi,
852 2539 929 2578 nisi
954 2539 1004 2578 ab
1030 2539 1117 2588 ipso
1145 2538 1283 2589 Sergio
1309 2540 1443 2587 potest
1468 2538 1647 2587 profecta

91 2613 176 2640 esse
202 2603 242 2640 et
260 2601 391 2653 Kosta
414 2602 460 2639 ut
484 2601 525 2638 in
551 2599 779 2639 universum
805 2611 902 2648 opus
929 2598 1163 2649 Sergianum
1190 2610 1344 2636 summa
1370 2610 1459 2636 cum
1485 2598 1646 2637 licentia

90 2661 290 2711 tractavit,
315 2661 373 2699 ita
396 2673 531 2699 rerum
555 2659 824 2708 librorumque
849 2657 1147 2708 dispositionem
1173 2669 1292 2707 quam
1315 2657 1486 2695 maxime
1505 2658 1647 2696 immu-

90 2720 202 2760 tavit.
230 2741 283 2749 —
308 2719 484 2759 Primum
516 2719 569 2758 de
594 2718 693 2757 fide
719 2718 896 2771 Kostae
921 2711 1079 2757 dicam.⁴
1108 2717 1194 2755 Iam
1219 2729 1340 2766 supra
1364 2717 1560 2755 monitum
1585 2719 1647 2756 est

91 2792 181 2819 eum
212 2793 291 2820 non
325 2780 454 2819 solum
484 2778 730 2817 Persicorum
765 2777 969 2816 nominum
1002 2777 1243 2816 mentionem
1275 2775 1326 2814 ab
1359 2777 1537 2826 exemplo
1570 2776 1645 2816 sibi

91 2839 294 2889 proposito
327 2839 495 2878 alienam
530 2837 680 2888 passim
710 2837 923 2876 inseruisse
956 2837 1023 2876 sed
1058 2836 1179 2875 etiam
1211 2847 1291 2874 non
1320 2847 1447 2885 pauca
1471 2836 1646 2874 luculen-

93 2898 196 2938 tiora
226 2898 474 2938 addidisse
503 2898 552 2936 de
584 2897 646 2937 sui
676 2896 775 2935 caeli
805 2896 1028 2936 conditione
1060 2908 1084 2935 a
1115 2894 1339 2934 conditione
1364 2893 1552 2934 Graeciae
1586 2895 1642 2932 di-

92 2970 218 2997 versa.
267 2957 395 3004 Quam
425 2958 508 2996 late
538 2969 586 2996 ea
615 2956 785 2995 addendi
814 2955 976 2995 licentia
1000 2956 1154 3004 pateat,
1184 2954 1263 2993 iam
1290 2955 1480 3004 exemplis
1506 2954 1643 3004 paucis
