1820 3126
569 133 859 171 Lucubrationes
885 133 1170 180 Syro-Graecae.
1562 134 1648 176 499

100 243 223 279 siones
248 241 336 278 illae
355 240 541 288 Syriacae,
567 253 658 287 quas
677 240 933 289 Ibng'olgolius
958 240 1157 287 significat,
1181 242 1424 289 pervulgatae
1450 243 1548 279 certe
1573 254 1649 278 non

92 293 212 335 erant,
236 292 280 326 ut
303 301 459 334 quarum
483 301 605 335 neque
623 290 823 337 vestigium
842 290 960 325 ullum
981 292 1142 325 aetatem
1168 291 1282 326 ferret
1306 302 1425 334 neque
1445 291 1524 326 ulla
1543 290 1649 326 fieret

94 338 194 384 apud
220 337 417 383 scriptores
446 337 558 383 Syros
584 337 733 374 mentio.
782 336 906 373 Etiam
932 338 1032 383 apud
1057 337 1197 374 Arabes
1229 340 1374 374 mature
1406 340 1579 384 putorum
1610 341 1649 373 et

93 396 351 432 germanorum
370 384 550 420 librorum
569 387 748 422 memoria
767 385 949 422 exstincta
967 391 1024 422 est
1042 385 1212 431 plurimis
1232 385 1443 422 subditiciis
1463 398 1483 422 9
1503 385 1647 421 Graeco

93 444 260 470 sermone
285 431 475 468 translatis
502 434 567 468 aut
592 433 640 468 ab
665 433 756 480 ipsis
775 433 959 469 Arabibus
986 432 1144 468 subditis
1173 435 1210 469 et
1231 434 1384 470 confuso
1410 445 1494 470 cum
1513 433 1646 469 Demo-

90 481 184 517 crito
214 481 483 516 Democrate
516 480 575 516 vel
607 481 878 517 Damocrate
910 481 1053 517 medico
1088 480 1283 517 Octaviani
1308 482 1468 525 Augusti
1499 481 1648 527 aequali

90 529 199 572 (conf.
224 528 318 564 Plin.
343 527 388 565 N.
417 527 462 564 H.
489 527 613 563 XXIV
640 533 660 564 7
686 533 706 572 ξ
730 533 792 574 49;
820 529 950 565 Galen.
975 529 1032 566 ed.
1060 528 1171 564 Kiihn
1197 531 1268 566 vol.
1295 529 1382 565 XIII
1407 542 1442 575 p.
1469 533 1532 574 40,
1560 532 1646 572 349;

90 575 176 611 XIV
194 579 280 619 2603
312 575 482 621 Harless,
509 575 658 611 Servilii
683 577 932 621 Democratis,
957 587 1052 622 quae
1079 578 1277 623 supersunt
1301 578 1466 613 carmina
1491 577 1645 613 medici-

88 623 199 660 nalia.
231 622 367 659 Par-tic.
386 622 413 658 Ι.
449 622 600 659 Bonnae
622 626 739 669 1834).
783 623 923 660 Verum
948 623 1114 660 sentiunt
1138 625 1430 661 Ibnennadimus
1457 625 1586 670 (Kitab
1613 626 1648 661 el

87 670 226 707 Fihrist
243 683 278 717 p.
299 673 505 715 352—354;
531 671 625 708 conf.
645 683 681 717 p.
702 675 784 717 254,
803 674 900 719 287),
924 671 1202 708 Ibnabiozeibia
1221 673 1245 708 l.
1259 673 1284 709 1.
1304 685 1338 718 p.
1355 676 1412 717 33,
1443 673 1646 717 El-Kiftius

89 717 198 765 (conf.
224 718 528 755 Steinschneider
558 720 596 755 in
620 718 758 755 Archiv
783 719 843 755 fiir
866 721 1009 766 pathol.
1034 719 1145 756 Anat.
1172 720 1244 756 vol.
1273 721 1424 756 CXXlV
1449 733 1485 767 p.
1506 725 1575 757 486
1591 722 1647 767 s.).

86 765 138 801 At
161 765 220 813 Ha
237 765 264 800 ‘i
289 764 421 802 Chalfa
446 766 524 802 sine
549 766 803 804 controversia
826 768 902 803 iam
927 769 1050 804 nullos
1075 767 1191 804 libros
1217 768 1423 805 Democriti
1448 770 1527 815 ipse
1552 769 1648 805 vidit

88 813 199 860 (conf.
250 813 539 859 teinschneider,
572 814 641 852 Die
667 815 899 851 Arabischen
923 806 1228 862 fibersetzungen
1253 818 1323 853 etc.
1355 828 1392 862 p.
1421 819 1491 863 12).
1540 816 1645 853 Adeo

87 861 247 897 invaluit
271 861 430 908 denique
457 863 640 908 confusio,
672 865 715 899 ut
745 875 873 900 verum
898 863 968 900 viri
993 875 1128 900 nomen
1151 864 1341 900 veteribus
1366 864 1462 900 illud
1496 864 1648 910 quidem

88 920 164 945 non
182 909 413 955 incognitum
429 911 538 957 (conf.
554 910 855 947 Steinschneider
874 911 897 947 l.
912 912 936 948 l.
956 924 992 958 p.
1005 914 1065 957 10)
1086 923 1141 958 eo,
1161 912 1261 957 quod
1279 912 1355 948 iam
1375 912 1475 959 apud
1489 914 1646 959 Kostam

90 956 240 993 obviam
266 958 333 1002 est,
358 969 507 1003 prorsus
533 959 821 996 submoveretur.

207 1008 284 1041 183.
319 1005 422 1041 Conf.
448 1006 623 1043 Barhebr.
650 1006 819 1043 chronic.
846 1006 925 1052 Syr.
951 1007 1008 1043 ed.
1035 1008 1154 1043 Bruns
1180 1010 1218 1043 et
1241 1007 1375 1044 Kirsch
1399 1021 1435 1054 p.
1463 1013 1526 1053 56,
1553 1013 1576 1044 4
1611 1010 1650 1044 et

86 1051 167 1088 cod.
181 1051 292 1088 Arab.
307 1051 423 1098 Lugd.
443 1053 573 1090 Batav.
588 1057 656 1091 908
675 1054 832 1101 praefat.
853 1054 965 1100 (conf.
985 1055 1163 1091 Wenrich
1187 1056 1211 1092 l.
1232 1057 1256 1092 l.
1282 1069 1318 1102 p.-
1339 1058 1434 1102 239),
1460 1056 1526 1091 ubi
1551 1056 1648 1092 liber

85 1099 287 1146 Apollonii,
312 1099 378 1146 qui
397 1112 440 1136 eo
461 1100 588 1138 codice
615 1102 826 1139 continetur
844 1102 1003 1139 Arabice
1022 1114 1162 1149 versus,
1189 1115 1208 1140 e
1233 1103 1366 1150 lingua
1385 1103 1539 1150 Syriaca
1565 1115 1646 1150 per-

89 1147 240 1184 hibetur
262 1149 465 1184 translatus
490 1161 580 1186 esse.

204 1199 282 1232 184.
309 1196 424 1232 Kitab
450 1197 486 1232 el
505 1197 646 1234 Fihrist
669 1211 705 1244 p.
726 1202 806 1243 312,
827 1203 914 1243 3753
939 1198 1115 1235 Wenrich
1141 1200 1165 1236 1.
1186 1199 1211 1235 l.
1237 1212 1273 1246 p.
1295 1204 1362 1236 237
1378 1211 1406 1236 s.
1422 1211 1469 1245 s.;
1495 1200 1645 1237 Leclerc

87 1243 112 1279 l.
131 1243 156 1279 l.
181 1256 216 1290 p.
237 1247 308 1279 214
321 1256 367 1288 e.;
395 1244 697 1282 Steinschneider
723 1246 760 1282 Z.
780 1246 823 1284 D.
843 1246 892 1283 M.
914 1247 957 1283 G.
983 1247 1056 1283 vol.
1075 1245 1173 1284 XLV
1197 1259 1232 1293 p.
1253 1251 1334 1284 439.

206 1295 283 1328 185.
311 1291 347 1328 Z.
369 1292 413 1327 D.
433 1292 482 1327 M.
503 1293 545 1330 G.
571 1293 644 1331 vol.
664 1294 782 1329 XLVI
808 1307 844 1340 p.
863 1298 933 1330 466
948 1307 975 1331 s.
993 1306 1020 1331 e.

206 1343 284 1376 186.
310 1339 338 1376 I.
359 1340 395 1376 S.
420 1352 455 1386 p.
476 1344 522 1376 84
537 1353 566 1378 s,
581 1353 608 1378 s.
646 1340 748 1379 Conf.
768 1342 996 1388 Bachmann,
1021 1342 1098 1378 Das
1116 1342 1243 1379 Leben
1261 1343 1338 1379 und
1357 1343 1417 1380 die
1438 1343 1644 1380 Sentenzen

87 1386 153 1422 des
177 1386 429 1434 Philosophen
461 1387 651 1425 Secundus
684 1389 749 1426 des
775 1389 1087 1437 Schweigsamen.
1128 1392 1238 1428 Halle
1266 1394 1367 1427 1887.
1418 1392 1487 1428 Die
1513 1392 1642 1429 Philo-

84 1435 213 1518 εἶρξε
225 1435 303 1518 ᾖξε
327 1436 676 1522 Νῗυργῒὶιαςοέθθτε
703 1437 903 1522 ῗῧὲωιᾶυε.
944 1439 1072 1475 Berlin
1097 1442 1207 1484 1888;
1235 1439 1544 1486 Steinschneider,
1571 1440 1642 1477 Die

141 1493 163 1518 a
191 1511 199 1519 .
285 1494 364 1520 erse
384 1496 453 1519 zun
481 1496 527 1520 en
553 1497 572 1522 e
592 1498 622 1522 c.
677 1515 685 1522 .
778 1514 786 1522 .

205 1535 284 1567 187.
309 1531 353 1569 A.
374 1530 409 1566 S.
435 1496 512 1577 152
527 1545 554 1569 s.
574 1546 603 1571 s.
640 1499 743 1570 gons.
771 1533 848 1579 Ott,
873 1534 943 1570 Die
963 1534 1162 1580 Syrischen
1187 1535 1446 1572 auserlesenen
1474 1535 1642 1583 Spriiche

85 1578 148 1614 des
172 1578 314 1624 Xistus,
341 1578 509 1616 Bischofs
535 1593 607 1617 von
630 1582 736 1627 Rom,
763 1581 845 1618 eine
870 1583 1147 1620 iiberarbeitete
1174 1583 1491 1621 Sextius-Schrift.
1533 1585 1641 1621 Rott-

84 1625 171 1663 weil
196 1630 304 1672 18623
336 1626 614 1674 Gildemeister,
647 1629 749 1666 Sexti
782 1630 1049 1666 sententiarum
1073 1631 1315 1668 recensiones.
1354 1631 1507 1668 Bonnae
1535 1637 1638 1669 1873.

205 1678 283 1711 188.
309 1674 353 1711 A.
372 1674 408 1711 S.
433 1687 470 1721 p.
492 1680 558 1712 195
573 1690 599 1713 s.
621 1689 648 1712 s.
688 1677 790 1714 Conf.
811 1677 1072 1715 Gildemeister
1095 1678 1255 1717 Hermae
1280 1679 1354 1716 vol.
1374 1679 1426 1715 IV
1450 1693 1486 1727 p.
1507 1684 1552 1717 81
1567 1692 1595 1718 s.
1610 1693 1637 1718 s.

205 1725 285 1759 189.
311 1722 339 1758 Ι.
361 1723 396 1760 S.
421 1735 458 1769 p.
480 1728 523 1759 71
551 1726 590 1761 et
613 1724 692 1762 VII.

206 1774 282 1806 190.
311 1769 524 1807 Sententias
550 1771 710 1809 Graecas
734 1773 820 1810 vide
845 1773 898 1809 sis
923 1775 1023 1821 apud
1049 1773 1226 1812 Orellium
1249 1775 1382 1822 Opusc.
1410 1778 1485 1813 vet.
1511 1777 1642 1814 moral.

90 1818 130 1854 et
154 1817 370 1855 sententios.
406 1818 435 1854 I.
473 1819 621 1865 Lipsiae
649 1825 750 1858 1819.
788 1834 824 1868 p.
845 1825 889 1858 81
904 1834 929 1858 s.
945 1835 972 1859 s.

207 1870 286 1902 191.
311 1865 441 1911 Neque
473 1868 572 1903 enim
603 1870 877 1916 autographum
908 1870 1164 1916 epitomatoris
1202 1872 1413 1918 exemplum
1448 1873 1642 1920 habemus,

89 1912 274 1997 siquidpgi
299 1913 416 1997 (11οεῖ911
439 1914 682 1953 Londinensis
707 1917 878 1964 plurimis
904 1919 1052 1964 squalet
1075 1919 1312 1957 librariorum
1337 1921 1495 1960 mendis.

255 1966 287 1998 2.
330 1989 338 1997 .
373 1989 381 1997 .
408 1974 443 2008 p.
464 1966 533 1999 218
547 1977 573 2001 s.
594 1977 621 2002 s.

205 2013 283 2046 193.
309 2008 351 2045 G.
373 2009 409 2045 S.
434 2010 468 2046 II
490 2015 544 2049 17.

203 2060 284 2094 194.
309 2057 428 2103 Rosia
452 2058 505 2094 ΠΙ
524 2064 586 2105 243
612 2061 647 2097 X
666 2064 722 2098 10.

203 2107 285 2143 195.
311 2107 353 2144 G.
375 2107 410 2142 S.
435 2106 470 2141 X
490 2111 524 2144 3.

205 2157 284 2190 196.
311 2154 414 2191 Conf.
439 2153 567 2192 Niclas
592 2156 762 2204 prolegg.
783 2157 862 2193 LII.

205 2204 285 2238 197.
311 2201 354 2239 Gr.
376 2202 411 2238 S.
438 2203 472 2238 X
491 2207 524 2239 9.

204 2252 284 2285 198.
309 2250 428 2296 Xosts
452 2250 504 2286 111
522 2256 560 2296 93
586 2252 620 2288 X
641 2256 695 2289 10.

203 2299 282 2334 199.
310 2299 352 2334 G.
375 2299 410 2335 S.
436 2298 472 2333 II
492 2302 547 2336 14.

199 2348 278 2381 200.
306 2346 408 2384 Conf.
434 2346 530 2382 Rose
555 2347 669 2385 Arist.
700 2348 883 2394 Pseudep.
914 2361 948 2394 p.
976 2352 1045 2386 268
1063 2360 1090 2384 s.
1111 2362 1138 2386 s.
1188 2349 1380 2387 Laudatur
1414 2351 1637 2388 Aristoteles

84 2389 126 2427 G.
147 2391 182 2429 S.
207 2392 277 2428 VII
296 2398 328 2431 2.
376 2393 447 2438 Qui
471 2394 574 2431 locus
599 2396 746 2432 etiamsi
770 2408 790 2433 e
816 2397 1008 2442 Georgicis
1035 2397 1258 2444 Aristotelis,
1285 2410 1380 2444 quae
1406 2399 1637 2444 ferebantur,

82 2438 178 2476 forte
201 2452 276 2477 non
300 2443 471 2488 sumptus
497 2443 571 2488 est,
602 2447 729 2480 tamen
761 2445 904 2481 constat
934 2455 979 2480 ea
1009 2445 1056 2481 ab
1089 2447 1258 2492 exemplo
1285 2446 1424 2483 Graeco
1462 2459 1484 2482 a
1511 2447 1641 2493 Sergio

0 2461 15 2510 .-
83 2487 265 2524 translato
299 2501 378 2526 esse
413 2490 569 2526 diversa.
624 2490 769 2528 Diserte
801 2491 900 2528 enim
930 2491 1029 2539 Hag‘i
1059 2493 1190 2530 Chalfa
1220 2494 1243 2529 l.
1269 2494 1294 2529 l.
1327 2495 1424 2531 inter
1455 2494 1640 2541 Georgica

85 2535 295 2573 Aristotelis
322 2538 361 2574 et
383 2536 522 2574 librum
546 2537 593 2573 de
618 2539 846 2584 agricultura
871 2540 1013 2577 Graeca
1037 2541 1225 2577 discernit.

203 2607 284 2639 201.
310 2603 428 2650 Kosta
446 2604 464 2639 I
482 2606 525 2639 11
555 2597 814 2664 (Όϋμὸᾙρς).
866 2604 968 2644 conf.
994 2605 1122 2643 Niclas
1148 2606 1316 2653 prolegg.
1339 2607 1437 2643 XLV
1451 2619 1478 2644 s.
1492 2620 1519 2644 s.
1547 2607 1645 2646 Oder

86 2666 136 2704 M.
159 2666 230 2703 Rh.
255 2667 329 2705 vol.
348 2668 448 2705 XLV
473 2681 508 2714 p.
529 2672 573 2705 81
595 2681 622 2705 s.
643 2680 672 2705 s,

203 2725 285 2758 202.
310 2721 413 2759 Conf.
434 2723 558 2759 adnot.
575 2726 660 2767 1813
685 2722 813 2760 Niclas
831 2725 998 2772 prolegg.
1017 2725 1047 2762 L
1067 2737 1094 2761 s.
1117 2738 1144 2762 s.
1184 2725 1283 2762 Oder
1300 2725 1350 2761 M.
1364 2726 1433 2763 Rh.
1453 2725 1528 2764 vol.
1539 2726 1638 2763 XLV

86 2779 122 2814 p·
149 2773 192 2806 79
205 2782 286 2854 {oa
313 2817 416 2854 Conf.
443 2818 569 2854 adnot.
597 2821 675 2855 181.

204 2868 285 2901 204.
309 2864 429 2911 Konta
453 2865 503 2902 IV
528 2870 567 2911 4,
595 2870 632 2911 6,
659 2870 722 2911 36;
764 2866 798 2902 V
818 2870 880 2913 12,
906 2872 970 2913 493
1012 2868 1099 2904 VIII
1124 2872 1161 2912 2;
1207 2867 1260 2903 IX
1283 2873 1322 2914 43
1366 2869 1399 2904 X
1421 2872 1482 2913 15;
1525 2869 1576 2904 XI
1596 2873 1643 2906 10

92 2919 346 2987 (0340.me
373 2952 415 2958 —
441 2931 591 2969 Erravit
614 2931 732 2978 igitur
750 2932 967 2980 Gemollius,
994 2934 1058 2979 qui
1083 2946 1118 2980 p.
1142 2937 1207 2969 199
1232 2933 1320 2969 libri
1346 2934 1402 2970 sui
1427 2946 1644 2981 persuasum

1288 3005 1358 3041 32*
