1820 3126
224 131 310 173 440
831 132 874 167 A.
900 131 1133 168 Baumetark:

342 241 512 282 XXVIII
534 244 558 281 6
586 238 814 293 επουδαίῳ,
841 242 944 292 quod
967 242 1053 280 ideo
1079 242 1301 290 defendam,
1332 242 1424 292 quia
1453 245 1622 292 augetur
1646 244 1750 281 certe

229 301 439 350 sententia,
471 301 502 339 si
535 300 623 338 ideo
656 300 813 340 divitias
845 301 1054 341 servandas
1081 312 1165 339 esse
1191 302 1385 350 monetur,
1415 301 1517 350 quod
1548 300 1627 339 illis
1658 300 1750 339 sub-

226 360 351 399 veniri
381 361 511 408 potest
554 371 631 397 non
667 360 748 397 tam
779 358 901 398 cuivis
938 359 1061 398 amico
1099 371 1216 408 quam
1256 359 1401 408 optimo
1438 359 1575 408 cuique
1612 361 1652 398 et
1686 359 1751 407 qui

229 418 374 456 auxilio
399 417 651 466 dignissimus
677 411 820 470 sitm),

300 481 511 591 46⁴XXXIV
532 483 555 520 3
582 477 786 530 ταχίετην,
813 481 916 531 quod
934 481 1030 519 mihi
1048 481 1205 531 quidem
1224 482 1338 531 plane
1363 482 1621 520 necessarium
1648 481 1752 520 vide-

375 571 384 590 2

344 597 508 636 XXXIV
529 598 554 636 8
573 597 661 646 τοῦ,
688 598 788 647 quod
807 573 992 647 perfacile
1012 600 1102 647 post
1122 593 1346 646 ἀλλοτρίου
1366 597 1494 636 omitti
1513 592 1755 651 petel-aiam),

230 728 308 754 non
332 655 548 767 Ξξθξὲἒδξ
569 655 739 705 μᾶλλον,
760 669 835 707 quo
856 659 1041 706 sequente
1061 657 1324 705 comparativo
1347 654 1615 705 βεβαιοτέραν
1633 656 1757 695 careri

544 745 554 765 ἳ

326 773 413 882 ἐξ
441 774 465 812 3
497 769 654 820 ἀγαθὸς
686 771 749 820 ἐν,
789 773 928 823 quibus
959 772 1112 811 omissis
1146 773 1297 810 nullum
1328 774 1390 811 est
1423 772 1640 811 sententiae
1672 785 1757 811 acu·
1808 815 1818 833 ᾧ

401 861 410 881 υ

228 543 294 580 tur

231 844 320 870 men

346 889 456 929 XLII
476 891 499 928 2
527 889 756 938 δυετυχῶν,
789 889 890 939 quod
923 890 1004 926 tam
1037 888 1232 927 sententia
1261 899 1376 937 quam
1411 888 1649 927 concinnitas
1674 901 1755 927 ora-

232 948 349 988 tionis
374 942 637 999 postulat‘fflss),

353 1006 484 1044 XLIII
505 1008 528 1045 3
556 1004 602 1045 ἐν
627 1006 686 1058 τῷ
711 1006 803 1054 ζῆν,
833 1005 939 1055 quod
968 1005 1228 1044 necessarium
1253 1007 1332 1053 est,
1363 1017 1451 1043 cum
1476 1005 1681 1044 manifesto
1710 1007 1760 1057 τῇ

233 1065 309 1104 τοῦ
336 1062 426 1114 βίου
451 1064 623 1116 τελευτῇ
650 1066 869 1114 opponatur
891 1062 917 1112 ἡ
942 1061 989 1102 ἐν
1013 1064 1073 1115 τῷ
1098 1064 1172 1113 ζῆν
1197 1058 1431 1115 ἀδοξίαωθ),

350 1123 476 1162 XLIX
491 1125 515 1162 2
537 1119 678 1171 μόνον,
692 1123 796 1172 quod
811 1123 960 1162 servari
973 1123 1210 1171 respondens
1229 1122 1288 1173 τῷ
1304 1119 1377 1173 βίῳ
1397 1119 1521 1160 παντὶ
1535 1116 1762 1175 suadet470),

351 1182 478 1220 XLIX
499 1183 524 1220 3
552 1178 637 1233 βίῳ,
663 1194 739 1231 quo
765 1181 889 1221 careri
914 1181 1090 1230 opposito
1117 1181 1176 1232 τῷ
1202 1177 1317 1231 λόγῳ
1342 1193 1418 1219 non
1443 1174 1661 1232 potest.⁴⁷¹)

353 1251 532 1300 Denique
555 1251 634 1290 huc
657 1250 898 1289 revocandus
924 1253 986 1288 est
1011 1251 1128 1288 etiam
1152 1251 1260 1288 locus

351 1309 462 1347 XLII
483 1311 506 1348 7
523 1322 551 1348 s.
576 1309 656 1347 lbb.
681 1308 768 1347 Grr.
794 1305 948 1356 ἔχοντα
981 1308 1226 1357 περιπατεῖν
1263 1308 1288 1346 S
1313 1304 1442 1357 ἔχειν,
1473 1309 1541 1347 ubi
1571 1308 1765 1358 scriptura

238 1369 330 1418 Syri
355 1369 449 1406 nata.
473 1370 533 1406 est
559 1367 710 1406 omissis
737 1367 901 1417 syllabis
928 1377 1032 1405 οντα
1057 1361 1325 1417 περιπατΨ)

354 1437 504 1484 Quibus
541 1438 634 1477 locis
673 1450 739 1476 eos
778 1437 1028 1487 subiungam,
1064 1437 1134 1475 ubi
1170 1437 1410 1486 scriptura
1446 1436 1705 1487 apographi
1743 1449 1767 1475 a

241 1497 404 1548 Sergio
429 1496 637 1534 adhibiti
662 1496 923 1546 depravata
948 1497 1035 1544 est,
1061 1507 1159 1534 cum
1183 1495 1333 1533 librar
1347 1495 1381 1533 ii
1405 1495 1527 1534 oculi
1553 1495 1607 1533 ad
1627 1507 1763 1534 voca-

242 1557 401 1594 bulum
426 1568 571 1606 prope
595 1555 804 1604 positum
828 1555 1119 1593 aberrarent.

354 1619 431 1657 VH
454 1621 474 1657 1
503 1619 580 1658 lbb.
609 1619 695 1657 Grr.
727 1615 790 1657 οἷε
818 1614 880 1658 ἂν.
924 1617 950 1656 S
980 1617 1005 1667 ἢ
1039 1614 1091 1656 ἂν
1115 1617 1361 1667 ineptissima
1386 1617 1578 1667 scriptura
1603 1619 1697 1657 nata
1721 1630 1767 1656 ex

243 1678 560 1717 antecedentibus
585 1675 611 1726 ἡ
637 1671 773 1728 δέ473),

355 1736 428 1775 XX
448 1737 472 1775 5
504 1736 584 1775 lbb.
609 1735 696 1774 Grr.
724 1732 944 1784 βελτίετοιε
993 1734 1019 1772 S
1049 1731 1274 1785 χρηείμοιε,
1304 1734 1371 1773 ubi
1401 1733 1553 1772 librarii
1584 1733 1685 1772 oculi
1718 1734 1767 1772 ad

242 1795 330 1845 χρῶ
355 1794 458 1845 quod
483 1794 677 1833 antecedit
701 1794 944 1833 aberravisse
968 1787 1240 1845 videntur⁴⁷⁴),

359 1857 488 1897 XXVI
509 1861 532 1898 6
562 1871 590 1897 s.
627 1858 707 1896 lbb.
739 1857 824 1896 Grr.
856 1858 1058 1906 φθονοῦει
1119 1857 1145 1896 S
1183 1853 1492 1905 δυεχεραίνουει
1526 1857 1609 1895 sine
1651 1857 1769 1896 dubio

242 1930 448 1968 perperam
474 1919 673 1967 sumptum
699 1929 746 1955 ex
764 1915 1083 1955 antecedentibus
1109 1913 1178 1955 ἐπὶ
1201 1915 1290 1955 τοῖς
1315 1915 1456 1955 κακοῖς
1482 1912 1767 1964 δυεχεραίνον-

243 1972 377 2016 Tac⁴⁷⁵
402 2006 411 2023 ’

359 1971 487 2072 X)LIV
507 2036 530 2074 6
556 2034 634 2072 lbb.
661 2032 747 2073 Grr.
772 2030 943 2082 εἰδήεει(
980 2032 1007 2071 S
1033 2029 1231 2081 εὑρήεειε,
1263 2032 1366 2082 quod
1391 2044 1412 2070 e
1437 2033 1622 2082 sequente
1648 2028 1766 2081 εὑρή-

248 2104 328 2133 εειε
353 2087 553 2146 fluxit⁴⁷⁶),

365 2151 439 2190 LII
468 2152 492 2190 3
523 2151 602 2190 lbb.
629 2149 716 2190 Grr.
746 2147 799 2189 τὰ
831 2147 1017 2199 βέλτιετα
1047 2143 1259 2202 (χρήειμα)
1296 2148 1322 2186 S
1352 2145 1490 2188 πάντα
1519 2145 1571 2187 τὰ
1601 2146 1773 2198 χρήειμα

248 2212 405 2260 sumpto
431 2205 569 2249 πάντα
594 2222 641 2248 ex
665 2205 740 2258 ἐφ’
765 2205 930 2248 ἅπαντα
955 2209 1058 2259 quod
1082 2201 1365 2260 antecedit⁴⁷⁷)‚

365 2274 439 2313 LII
460 2275 484 2313 5
507 2275 584 2313 lbb.
604 2273 692 2312 Grr.
710 2271 763 2313 τὰ
781 2271 955 2322 χρήειμα
991 2271 1017 2311 S
1042 2268 1179 2311 πάντα
1196 2268 1248 2310 τὰ
1267 2269 1439 2320 χρήειμα
1458 2272 1615 2321 sumpto
1634 2267 1773 2310 πάντα

252 2334 334 2373 sive
360 2346 406 2372 ex
431 2330 713 2381 πανταχόθεν,
745 2332 848 2382 quod
873 2331 1082 2378 antecedit,
1113 2330 1195 2370 sive
1226 2343 1271 2369 ex
1302 2330 1388 2381 illo,
1418 2330 1520 2379 quod
1544 2329 1656 2368 modo
1688 2341 1773 2379 per-

251 2405 386 2443 peram
411 2392 622 2441 scripserat
645 2390 842 2439 librariae,
867 2386 1004 2430 πάντα
1028 2386 1080 2428 τὰ
1105 2382 1365 2441 χρήειμα.478)

338 2460 740 2511 .·Ditt0graphiae
771 2460 927 2510 deinde,
957 2471 1074 2509 quam
1104 2458 1261 2508 proprie
1290 2459 1485 2498 nostrates
1517 2457 1666 2506 dicunt,
1697 2457 1774 2496 duo

252 2521 428 2570 exempla
450 2520 664 2570 praebebat
688 2519 957 2568 apographum
983 2517 1119 2567 Sergii.

368 2578 467 2618 XIII
488 2580 508 2617 1
535 2578 613 2617 lbb.
641 2577 727 2617 Grr.
752 2573 933 2626 εὐλαβοῦ
971 2576 997 2615 S
1024 2573 1070 2615 εὖ
1095 2568 1368 2628 εὐλαβοῦ.*”’9)

371 2637 424 2676 LI
449 2639 475 2676 4
507 2636 551 2688 S,
581 2636 690 2675 cuius
715 2635 910 2685 scriptura
939 2647 963 2674 a
986 2634 1175 2673 memoria
1197 2635 1417 2672 nostrorum
1442 2632 1630 2671 librorum
1660 2632 1776 2682 longe

256 2697 452 2745 abhorret,
477 2692 543 2734 καὶ
561 2694 647 2734 τῶν
658 2692 872 2743 ,εοφιετῶν
897 2691 1122 2742 μανθάνειν
1147 2689 1213 2732 καὶ
1237 2687 1275 2731 εἴ
1297 2702 1336 2730 τι
1359 2689 1555 2740 χρήειμον
1574 2687 1778 2739 εἰρήκαειν

256 2751 579 2801 ἀναγιγνώεκειν
610 2750 675 2792 καὶ
700 2748 922 2801 μανθάνειν
946 2752 1087 2791 iterato
1117 2751 1157 2790 in
1179 2749 1257 2789 fine
1288 2761 1491 2800 perperam
1519 2748 1602 2787 sine
1626 2750 1778 2788 contro-

254 2813 381 2853 versia
404 2812 522 2852 verbo
549 2804 864 2863 μανθάνειν.*80)

374 2870 534 2920 Saepius
559 2871 597 2908 in
623 2868 849 2920 apogragho
875 2867 1001 2919 Sergii
1023 2868 1172 2907 factum
1196 2868 1298 2918 erat,
1328 2868 1391 2915 ut,
1421 2878 1497 2916 quo
1521 2865 1673 2905 nullum
1696 2865 1775 2905 fre-
