1820 3126
547 105 839 143 Lucubrationes
863 105 1146 152 Syro-Graecae.
1540 105 1626 148 431

78 223 148 272 15,
174 222 242 271 58,
263 222 336 271 25,
356 221 425 270 59,
447 221 484 268 1,
506 221 549 270 6,
570 221 638 271 60,
661 221 697 271 1,
716 220 762 269 5,
783 220 850 270 61,
871 219 915 270 5,
938 220 1005 269 64,
1027 220 1071 270 6,
1098 219 1203 258 Plut.
1231 219 1278 258 de
1303 219 1431 260 cohib.
1457 219 1502 258 ir.
1528 219 1576 258 A.
1593 219 1631 258 S.

76 283 170 331 186,
192 282 264 332 29,
291 280 387 326 189,
409 281 485 330 18,
513 282 608 331 191,
630 281 653 318 7
670 292 711 328 8.,
736 279 959 329 passivae
984 279 1032 316 in
1058 279 1242 318 activas
1270 279 1392 318 Arist.
1418 279 1467 318 de
1492 279 1628 317 mund.

72 341 119 379 A.
140 340 176 379 S.
201 341 294 388 141,
317 340 389 390 15,
412 340 508 389 145,
531 340 603 389 11;
626 340 787 388 149,-9,
806 337 902 377 Luc.
923 338 970 377 de
991 338 1064 376 cal.
1084 338 1114 377 Ι.
1137 338 1173 378 8.
1196 340 1234 389 8,
1256 341 1332 389 78.,
1354 340 1437 389 98,
1461 341 1526 389 11,
1546 340 1630 387 38,

74 401 146 451 12,
173 400 245 449 173
278 398 468 438 Themist.
495 399 542 437 de
569 398 680 437 amic.
706 398 736 436 1.
762 397 800 436 S.
828 398 901 448 55,
928 398 972 448 4,
1003 399 1283 447 personales
1314 398 1361 436 in
1394 398 1630 448 imperso-

70 459 206 498 nales
230 458 354 498 Arist.
379 457 427 497 de
452 458 586 496 mund.
605 458 652 496 A.
674 456 713 497 S.
736 458 832 507 135,
854 458 929 507 23,
954 457 1072 496 Isocr.
1099 458 1148 495 ad
1175 458 1286 497 Dem.
1306 457 1353 496 A.
1375 456 1414 497 S.
1437 458 1533 506 173,
1557 458 1630 508 13,

74 518 168 557 Luc.
193 518 243 557 de
268 518 339 557 cal.
364 518 396 557 I.
423 517 458 556 S.
488 519 531 568 6,
557 518 602 567 4,
630 518 703 567 14,
731 518 773 565 1,
800 517 992 555 Themist.
1018 517 1066 555 de
1092 518 1206 557 amic.
1230 517 1261 556 I.
1287 516 1325 557 8.
1352 518 1428 567 48,
1455 519 1534 565 78,
1558 518 1629 567 13,

69 578 173 617 Plut.
199 578 247 616 de
273 578 397 616 cohib.
423 578 469 616 ir.
494 577 542 616 A.
569 576 608 616 S.
637 578 739 628 188,
767 577 838 626 18,
871 577 1221 626 impersonales
1253 577 1423 626 denique
1454 577 1501 615 in
1526 589 1629 626 per-

69 637 259 677 sonales
291 637 480 676 Themist.
514 636 562 675 de
594 636 706 675 amic.
737 636 768 676 Ι.
803 635 840 675 8.
874 637 948 686 53,
980 638 1024 687 9,
1063 636 1170 675 Plut.
1205 636 1253 674 de
1284 636 1410 675 cohib.
1441 636 1490 675 ir.
1514 636 1562 674 A.
1590 636 1628 674 8.

72 698 174 745 188,
202 698 254 736 19
272 710 301 736 8.
332 718 380 723 -
410 695 537 742 Quae
563 695 743 735 Graece
774 696 1002 734 universe
1033 696 1252 745 prolatae
1284 697 1438 745 erant,
1471 698 1627 735 senten-

71 757 151 796 tiae
177 757 227 795 ab
252 756 470 807 interprete
495 757 731 795 revocantur
755 755 875 794 Isocr.
901 755 952 794 ad
976 755 1089 794 Dem.
1115 756 1162 794 A.
1190 755 1229 806 S,
1261 757 1355 806 176,
1379 757 1431 794 22
1448 768 1496 806 8.,
1523 755 1629 794 Plut.

0 858 1 861 Ἴ
69 815 117 855 (18
136 816 260 856 cohib.
280 816 326 855 ir.
346 816 395 854 A.
417 815 456 855 8.
479 817 574 865 187,
589 817 643 855 26
659 828 728 865 88,
751 816 847 865 192,
869 816 892 853 2
909 827 960 854 ss.
984 815 1035 854 ad
1055 815 1276 864 scribentis,
1302 815 1421 854 Isocr.
1442 816 1492 854 ad
1511 815 1626 854 Dem.

69 876 116 916 A.
137 875 174 915 8.
197 877 293 924 171,
315 877 358 923 3,
384 877 478 926 176,
499 877 543 926 3,
570 875 760 914 Themist.
781 875 829 914 de
849 875 960 914 amic.
980 874 1010 914 Ι.
1032 874 1068 914 S.
1091 876 1158 926 59,
1181 877 1202 913 1
1226 875 1275 913 ad
1294 887 1504 925 personam
1530 874 1628 924 eius,

0 950 7 968 r
67 936 131 974 cui
155 935 322 986 quisque
347 935 508 974 libellus
534 934 659 974 dicari
682 935 868 985 mittique
890 934 1066 984 fingitur.
1113 934 1262 974 Contra
1286 947 1404 985 quae
1431 946 1622 974 accura-

0 1010 4 1050 J
65 995 165 1034 tius
200 1007 224 1033 a
255 995 578 1045 scriptoribus
610 994 806 1034 Graecis
839 994 1127 1045 significata
1157 996 1311 1044 erant,
1350 994 1493 1045 Syrus
1524 994 1629 1033 uni-

0 1055 9 1090 Ξ·
66 1067 206 1094 verse
229 1056 420 1093 tantum
443 1055 671 1105 proponit
695 1053 790 1093 Luc.
815 1054 863 1093 de
889 1055 959 1093 cal.
983 1054 1014 1093 I.
1034 1054 1071 1092 S.
1095 1055 1131 1104 2,
1153 1056 1198 1105 6,
1223 1054 1414 1093 Themist.
1441 1054 1489 1092 de
1515 1055 1628 1093 amic.

66 1113 97 1153 1.
124 1113 164 1153 s,
191 1115 258 1163 53,
282 1116 356 1165 14,
380 1113 488 1153 Plut.
514 1115 562 1153 de
588 1114 714 1154 cohib.
738 1114 785 1153 ir.
811 1114 858 1152 A.
885 1113 923 1153 8.
952 1115 1047 1163 188,
1069 1115 1124 1153 28
1140 1127 1209 1164 53,,
1237 1115 1333 1165 193,
1355 1115 1444 1163 53,,
1473 1115 1569 1164 194,
1590 1115 1628 1165 3,

66 1174 122 1213 24
137 1186 187 1213 ss.
218 1195 268 1200 —
297 1173 950 1213 Sententiae.affirmativae
982 1173 1228 1224 negativis
1260 1174 1482 1212 redduntur
1506 1173 1628 1212 Isocr.

0 1247 2 1249 ·
68 1234 115 1273 A.
141 1233 179 1272 S.
207 1236 308 1282 171,
332 1235 449 1284 14s.;
477 1235 579 1285 174,
600 1235 643 1283 5,
673 1235 774 1285 176,
797 1235 868 1284 22,
893 1233 988 1272 Luc.
1014 1234 1062 1272 de
1087 1234 1158 1272 cal.
1184 1233 1215 1273 I.
1242 1232 1280 1272 S.
1308 1235 1351 1282 2,
1380 1234 1453 1283 24,
1481 1234 1523 1281 8,
1554 1234 1628 1284 13,

70 1293 260 1333 Themist.
286 1294 334 1332 de
360 1294 472 1332 amic.
498 1293 528 1333 I.
556 1293 594 1332 S.
622 1295 695 1344 54,
722 1294 776 1332 29
792 1305 840 1343 8.,
866 1293 972 1332 Plut.
998 1293 1046 1331 de
1071 1293 1198 1332 cohib.
1222 1293 1268 1331 ir.
1294 1293 1342 1332 A.
1369 1292 1407 1332 S.
1436 1294 1538 1344 192,
1562 1295 1628 1341 11,

66 1353 545 1404 interrogationibus
577 1353 670 1392 Luc.
701 1353 749 1391 de
782 1353 852 1392 cal.
886 1353 917 1392 I.
943 1352 981 1391 S.
1015 1355 1058 1404 6,
1085 1354 1173 1404 58,
1204 1352 1310 1391 Plut.
1343 1352 1391 1391 de
1423 1353 1550 1392 cohib.
1580 1353 1627 1391 ir.

0 1431 1 1435 =
69 1412 116 1450 A.
133 1412 170 1452 S.
190 1414 287 1464 191,
304 1414 415 1463 248,
440 1413 660 1452 sententiae
684 1413 942 1464 negativae
966 1413 1286 1452 affirmativis
1310 1412 1429 1452 Isocr.
1451 1411 1626 1451 8(11)8111.

69 1471 118 1510 A.
145 1471 182 1511 S.
212 1474 309 1520 169,
329 1474 403 1524 25,
433 1474 529 1523 174,
551 1474 625 1523 24,
650 1472 744 1512 Luc.
771 1472 820 1511 (18
845 1473 917 1512 881.
942 1472 973 1511 Ι.
997 1471 1036 1511 S.
1065 1473 1130 1521 13,
1153 1474 1197 1523 3,
1222 1472 1414 1511 Themist.
1441 1472 1489 1510 de
1514 1473 1627 1511 amic.

67 1531 98 1570 I.
122 1531 159 1570 S.
179 1533 248 1584 49,
271 1534 322 1572 19
340 1545 387 1581 8.,
409 1534 476 1582 50,
499 1534 570 1583 12,
593 1533 659 1582 64,
681 1533 726 1583 5,
751 1532 858 1571 Plut.
876 1531 924 1571 de
945 1532 1072 1571 cohib.
1092 1533 1138 1572 ir.
1158 1531 1207 1570 A.
1228 1531 1266 1571 S.
1289 1534 1384 1583 192,
1406 1534 1449 1582 2,
1473 1533 1569 1583 194,
1589 1533 1625 1571 8.

68 1590 297 1631 Sententiae
321 1592 533 1642 negativae
557 1605 629 1642 per
652 1592 1089 1642 interrogationem
1116 1604 1323 1642 expressae
1351 1605 1473 1630 unum
1499 1604 1627 1630 exem-

64 1651 175 1701 plum
197 1653 259 1691 est
277 1651 399 1691 Isocr.
419 1652 468 1690 ad
487 1651 601 1690 Dem.
615 1651 664 1690 A.
679 1651 716 1690 S.
740 1653 835 1701 174,
852 1653 887 1691 6.
925 1652 1409 1702 Interrogationibus
1431 1650 1626 1690 Graecis

66 1710 286 1750 sententiae
324 1711 658 1751 affirmativae
696 1711 879 1762 Syriacae
916 1711 1167 1761 respondent.
1217 1711 1312 1750 Luc.
1343 1712 1392 1750 (18
1425 1711 1496 1749 881.
1528 1711 1560 1751 Ι.
1587 1711 1626 1750 S.

71 1772 138 1821 16,
160 1772 214 1810 10
229 1783 296 1821 ss.;
322 1771 428 1810 Plut.
454 1771 502 1809 (18
527 1771 655 1811 cohib.
678 1771 725 1810 ir.
750 1771 798 1810 A.
820 1770 859 1810 S.
887 1772 983 1822 194,
1005 1773 1061 1811 20
1074 1783 1116 1822 8.,
1140 1773 1194 1811 27
1210 1783 1239 1810 8.
1269 1792 1319 1798 -
1348 1771 1544 1821 Persaepe
1570 1770 1626 1819 fit,

62 1831 110 1868 ut
145 1830 187 1869 in
218 1830 509 1881 exemplaribus
542 1830 702 1870 Graecis
740 1833 859 1882 atque
898 1831 1149 1870 versionibus
1183 1830 1359 1881 Syriacis
1397 1831 1503 1869 idem
1540 1831 1626 1869 uni-

66 1902 222 1928 versum
248 1890 408 1941 quidem
433 1892 656 1930 structurae
681 1903 807 1940 genus
834 1891 899 1942 sit,
925 1890 1057 1930 aliud
1082 1903 1176 1930 vero
1202 1890 1494 1941 subiectum,
1519 1890 1627 1940 quod

61 1948 246 1998 dicimus,
285 1950 491 1989 enuntiati.
552 1950 745 2001 Exempla
776 1951 933 1990 obviam
973 1952 1067 1989 sunt
1100 1951 1214 1989 haec:
1252 1950 1377 1990 Arist.
1411 1950 1459 1989 (18
1491 1949 1626 1988 mund.

60 2007 109 2047 A.
126 2008 163 2048 S.
187 2010 284 2059 138,
306 2011 377 2060 18,
399 2010 495 2060 139,
516 2012 570 2050 23
587 2022 635 2061 8.,
664 2011 757 2059 145,
780 2011 853 2060 25,
877 2011 972 2061 149,
993 2012 1032 2059 3,
1053 2011 1129 2061 28,
1158 2011 1253 2061 150,
1277 2012 1300 2048 2
1317 2011 1626 2060 s.;152,10s.;

64 2069 253 2119 156,15,
282 2070 377 2120 157,
399 2071 442 2120 2,
467 2069 588 2109 Isocr.
613 2069 665 2109 ad
689 2070 802 2110 Dem.
828 2070 877 2108 A.
903 2069 940 2109 S.
968 2071 1070 2121 169,
1092 2071 1136 2121 2,
1156 2071 1296 2121 4,16;
1326 2071 1429 2119 170,
1452 2071 1531 2120 14,
1552 2071 1625 2119 24,

64 2129 374 2180 171,19;172,
397 2130 463 2178 18,
486 2131 538 2169 19
555 2142 602 2179 s.;
625 2131 722 2181 173,
741 2131 781 2182 4,
802 2130 826 2169 8
842 2142 885 2180 s.,
910 2131 975 2178 18,
994 2131 1060 2180 19,
1076 2131 1146 2180 21,
1173 2131 1268 2180 174,
1283 2131 1321 2180 9,
1337 2131 1411 2180 21,
1434 2131 1624 2179 175,58.,

63 2188 101 2236 7,
123 2189 189 2237 13,
214 2189 280 2238 14,
302 2189 376 2241 26,
404 2190 498 2238 176,
527 2191 609 2239 98,
631 2191 698 2240 20,
719 2191 793 2240 25,
818 2189 912 2228 Luc.
939 2190 987 2228 de
1013 2190 1084 2228 cal.
1111 2189 1141 2229 I.
1169 2189 1208 2228 S.
1235 2191 1274 2238 3,
1303 2191 1375 2239 15,
1405 2191 1478 2241 22,
1508 2190 1625 2239 248,

63 2248 102 2297 4,
125 2249 197 2297 11,
226 2249 262 2298 7,
282 2249 327 2298 4,
348 2249 386 2298 8,
408 2249 432 2287 5
449 2260 497 2297 8.,
521 2250 586 2300 10,
608 2250 652 2299 8,
674 2250 740 2299 15,
763 2251 829 2301 12,
853 2250 929 2299 15,
954 2249 1148 2288 Themist.
1173 2249 1222 2288 de
1248 2250 1360 2288 amic.
1386 2249 1417 2288 I.
1437 2249 1475 2287 S.
1498 2250 1565 2298 50,
1587 2250 1625 2299 8,

0 2326 1 2329 ¹
63 2308 130 2354 12,
150 2308 225 2357 20,
247 2308 314 2359 51,
336 2309 408 2358 22,
430 2309 498 2358 52,
520 2309 564 2359 6,
585 2309 652 2359 53,
668 2311 735 2360 11,
753 2310 824 2360 17,
847 2309 915 2358 55,
935 2310 959 2347 2
977 2321 1026 2359 8.,
1047 2310 1116 2360 56,
1133 2310 1169 2359 7,
1184 2310 1258 2359 20,
1280 2310 1348 2361 57,
1364 2311 1408 2359 9,
1428 2310 1496 2360 59,
1512 2310 1625 2358 258,

63 2366 131 2414 60,
154 2368 226 2417 16,
248 2368 314 2418 62,
337 2368 361 2405 2
376 2379 445 2417 88,
468 2368 536 2416 64,
558 2370 579 2406 1
596 2380 640 2415 8,
662 2370 698 2417 7,
720 2370 793 2419 20,
820 2368 926 2407 Plut.
953 2368 1001 2407 (18
1026 2368 1154 2407 cohib.
1173 2369 1220 2407 ir.
1240 2369 1288 2408 A.
1310 2368 1346 2407 S.
1372 2369 1466 2418 187,
1491 2370 1529 2419 2,
1551 2370 1624 2418 17,

65 2426 158 2475 188,
181 2428 232 2465 11
253 2428 387 2477 8.,15,
407 2428 481 2477 27,
510 2429 612 2479 190,
638 2429 749 2479 388,
777 2430 879 2478 192,
902 2430 972 2477 11,
995 2430 1049 2468 26
1066 2440 1095 2468 8.
1122 2449 1178 2455 —-
1203 2428 1326 2467 Bina
1350 2428 1624 2477 enuntiata,

0 2523 2 2527 ,
60 2485 250 2535 quaein
269 2486 531 2536 exemplari
551 2486 731 2527 Graeco
754 2488 890 2526 iuxta
908 2488 1068 2537 posita
1088 2490 1243 2536 erant,
1271 2489 1327 2526 ab
1347 2488 1625 2537 interprete

59 2543 128 2583 ita
153 2546 505 2596 exprimuntur,
531 2548 583 2584 ut
602 2547 808 2585 alterum
827 2560 880 2586 ex
898 2547 1056 2587 altero
1077 2548 1404 2597 suspendatur
1423 2547 1548 2586 Arist.
1571 2547 1619 2586 de

60 2605 193 2643 mund.
218 2605 267 2644 A.
293 2605 330 2644 S.
358 2607 455 2654 135,
477 2607 548 2653 12,
572 2607 642 2656 29,
673 2608 872 2656 139,11;
902 2608 1096 2656 145,19,
1126 2609 1228 2655 146,
1249 2608 1338 2657 48,,
1367 2608 1462 2655 147,
1485 2608 1538 2646 15
1555 2619 1623 2656 88,

65 2664 158 2714 148,
180 2665 224 2715 8,
253 2665 347 2713 149,
369 2666 442 2715 20,
474 2665 574 2715 153,
595 2667 641 2717 6,
663 2667 758 2716 155,
780 2668 817 2713 6,
840 2667 912 2716 12,
937 2666 1056 2706 Isocr.
1082 2666 1133 2704 ad
1157 2666 1270 2704 Dem.
1296 2665 1344 2704 A.
1365 2665 1402 2706 S.
1433 2668 1528 2717 170,
1550 2668 1624 2716 11,

66 2723 159 2774 171,
184 2725 236 2763 25
253 2736 302 2774 8.,
329 2725 426 2774 172,
447 2726 521 2775 14,
552 2726 646 2773 174,
670 2726 722 2763 12
738 2738 780 2776 8.,
802 2726 875 2776 16,
900 2725 993 2764 Luc.
1020 2726 1068 2764 de
1094 2725 1167 2764 cal.
1191 2725 1222 2764 Ι.
1250 2725 1288 2764 8.
1314 2727 1454 2775 4,17,
1483 2727 1520 2775 6,
1550 2727 1621 2775 13,

64 2783 131 2834 11,
147 2784 220 2832 23,
243 2785 309 2834 13,
325 2785 398 2836 21,
418 2784 608 2823 Themist.
629 2784 677 2822 de
696 2785 807 2823 amic.
827 2784 859 2823 I.
874 2784 911 2823 S.
928 2786 995 2834 53,
1014 2787 1050 2834 3,
1067 2787 1105 2835 6,
1127 2786 1199 2834 213
1221 2786 1289 2835 54,
1306 2786 1377 2835 12,
1399 2787 1467 2836 59,
1482 2786 1538 2823 20
1553 2797 1623 2834 88,

66 2841 132 2891 60,
154 2845 229 2893 18,,
250 2844 324 2894 21,
355 2845 423 2895 62,
444 2845 557 2894 218,
578 2844 645 2894 65,
661 2844 767 2896 238,
789 2846 924 2894 1088,
954 2844 1060 2883 Plut.
1092 2845 1140 2882 de
1172 2844 1298 2883 cohib.
1324 2844 1368 2882 ir.
1396 2844 1442 2883 A.
1465 2844 1501 2882 S.
1526 2845 1621 2893 186,

64 2901 175 2952 27s.;
197 2903 295 2953 188,
310 2904 377 2942 26.
421 2903 482 2942 Ex
502 2903 669 2943 adverso
695 2903 1015 2955 enuntiatum,
1040 2903 1162 2954 quod
1188 2905 1262 2942 est
1286 2903 1332 2942 in
1358 2903 1621 2952 exemplari
