1820 3126
262 149 346 191 442
868 153 909 190 A.
937 154 1171 191 Baumstark:
1775 0 1820 307 ἶ

383 259 507 300 XLIV
529 264 553 301 3
583 263 659 303 lbb.
678 262 763 302 Gir.
789 261 860 313 ἐμὲ
898 264 923 302 S
949 262 1018 313 ἐμὲ
1044 263 1144 304 νέον
1169 262 1282 315 ὄντα,
1308 266 1374 304 ubi
1396 264 1495 306 νέον
1520 262 1623 305 ὄντα
1641 266 1788 307 addita·

265 322 438 357 mentum
473 323 550 369 est,
582 322 683 370 quod
715 322 909 361 artissime
941 323 1122 362 cohaeret
1146 336 1233 362 eum
1258 324 1434 374 antiqua,
1465 336 1581 374 quam
1607 325 1679 363 hoo
1703 326 1786 364 loeo
1812 331 1820 378 j

268 379 533 427 apographum
557 379 682 430 Sergii
702 380 919 428 exhibebat,
943 381 1132 420 varietate
1152 383 1326 421 lectionis
1346 381 1566 431 διήμαρτεν
1586 378 1820 435 (lbb.Gr1·.

267 431 491 489 διέλαθεν),
515 450 630 486 quam
656 450 793 487 parum
818 440 1012 490 libmius,
1037 441 1103 489 qui
1122 441 1242 479 verba
1266 440 1425 489 addidit,
1450 441 1658 491 perspexit.
1659 435 1730 493 ⁴⁹⁴)

380 494 556 544 Denique
594 495 669 534 huc
706 498 876 546 pertinet
908 498 1015 536 locus
1046 498 1235 546 omnium,
1272 499 1339 549 qui
1367 500 1476 549 prius
1507 499 1787 548 scripturarum
1815 505 1820 538 ἶ

262 564 387 601 genus
413 553 595 601 efficiunt,
620 555 944 594 intricatissimus.
1819 565 1820 568 ’

380 611 587 650 XXXVIII
609 613 632 651 6
664 611 1150 663 1bb.Grr.bu<onoc13vnc
1193 615 1219 653 S
1250 612 1384 654 δόξας.
1419 636 1477 642 ——-
1513 615 1691 653 Alteram
1727 616 1789 654 hie

262 668 495 718 scripturam
526 670 672 709 directo
704 684 750 710 ex
781 672 904 710 altera
935 672 1079 710 saetam
1111 685 1196 712 esse
1227 685 1379 721 vereor,
1411 676 1456 711 ut
1486 673 1687 723 quisquam
1714 674 1787 712 sibi

264 728 508 775 persuadeat.
558 728 682 767 Immo
715 727 970 778 δικαιοςύνης
1001 730 1157 770 videtur
1186 731 1226 769 in
1252 744 1297 770 eo
1322 731 1469 778 codiee,
1500 731 1601 770 unde
1625 744 1788 781 apogra-

266 785 386 833 phum
405 785 533 835 Sergii
557 788 855 838 transscriptum
883 790 955 837 est,
979 789 1073 827 adeo
1100 789 1357 839 depravatum
1383 789 1591 838 exstitisse,
1617 792 1672 839 ut,
1695 790 1788 839 quid

261 843 559 896 significaretur,
572 858 712 895 parum
725 849 889 897 pateret,
904 844 1027 886 δόξας
1041 859 1064 884 a
1076 847 1248 894 librario,
1269 849 1333 897 qui
1348 847 1388 885 in
1402 847 1590 887 vocabulo
1605 852 1786 898 corrupto

260 902 450 953 haereret,
474 903 694 942 coniectura
718 905 946 943 restit-utum
971 900 1139 956 esse.‘¹⁹⁵)

377 961 599 1011 Antequam
631 963 679 1000 ad
710 963 876 1001 alterum
902 975 1025 1013 genus
1050 960 1354 1014 seripturarum,
1388 976 1485 1014 quae
1509 976 1634 1003 novae
1659 977 1679 1002 e
1704 977 1787 1003 ver-

258 1018 364 1057 sione
391 1019 550 1069 Syriaca
574 1020 840 1069 innotescunt,
873 1023 1082 1071 transeam,
1106 1034 1264 1061 necesse
1289 1024 1350 1061 est
1375 1034 1453 1061 eos
1477 1022 1608 1061 locos
1633 1035 1785 1072 compo-

257 1089 368 1128 nere,
406 1078 486 1128 qui
523 1079 578 1117 ad.
614 1081 768 1117 utrum
803 1092 949 1129 genus
985 1081 1237 1119 revocandi
1274 1081 1386 1128 sint,
1422 1081 1594 1119 merito
1628 1083 1787 1130 potest

257 1135 482 1175 dubitari.
541 1137 693 1176 Passim
726 1137 828 1175 enim
862 1138 902 1176 in
935 1140 1161 1189 apographo
1197 1139 1332 1189 Sergii
1355 1140 1633 1189 praetermissa.
1665 1142 1786 1190 erant,

259 1206 359 1243 quae
384 1207 454 1244 per
479 1208 520 1234 se
545 1208 670 1246 neque
694 1196 860 1235 molesta
885 1200 976 1235 sunt
1000 1210 1137 1247 neque,
1162 1199 1206 1236 ut
1229 1198 1424 1236 sententia
1443 1197 1552 1237 salva
1571 1197 1634 1248 sit,
1658 1210 1786 1236 neces-

256 1264 371 1302 saria,
396 1253 579 1292 nimirum

373 1311 406 1347 V
429 1314 450 1350 1
478 1308 586 1350 ἀλλὰ
610 1309 851 1360 παραίνεςιν
875 1308 1206 1365 γράψαντεςωθ),

371 1369 407 1406 V
429 1371 452 1408 7
478 1365 744 1423 γνηςίως497),

370 1427 469 1506 λζΙΒΙ
493 1440 521 1467 ε.
559 1426 711 1467 κάλλος
749 1426 823 1476 μὲν
861 1426 940 1477 γὰρ
977 1428 1001 1478 ἢ
1041 1427 1193 1478 χρόνος
1229 1426 1442 1480 ἀνήλωςεν
1476 1429 1500 1478 ἢ
1533 1427 1655 1469 νόςος
1687 1427 1783 1480 ἐμά·

254 1496 380 1532 ρανεν
408 1481 423 1506 ⁹
466 1517 475 1534 ,

370 1481 470 1584 IX)3
497 1541 572 1583 ὑπ’
602 1543 704 1594 ἐμοῦ
736 1556 814 1594 col,
852 1558 952 1595 quae
986 1546 1125 1585 merito
1162 1546 1211 1584 ab
1243 1547 1467 1597 apographo
1499 1546 1626 1597 Sergii
1658 1547 1785 1586 aliena

253 1602 377 1641 fuisse
408 1603 549 1654 aliquis
583 1604 772 1653 suspicari
805 1605 930 1653 possit
954 1606 1095 1643 collato
1121 1605 1205 1643 loeo
1230 1604 1363 1643 Antid.
1385 1607 1456 1655 74,
1487 1606 1555 1644 ubi
1579 1605 1620 1644 in
1644 1606 1782 1645 codici-

254 1661 325 1699 bus
351 1659 376 1700 Γ
379 1659 420 1700 Δ
451 1664 512 1700 est
543 1661 629 1701 τῶν
657 1659 785 1700 πάλαι
810 1662 1109 1711 γεγραμμένων
1134 1666 1174 1702 et
1197 1664 1237 1701 in
1262 1663 1437 1713 margine
1462 1664 1668 1714 utriusque
1692 1664 1783 1703 libri

253 1719 339 1759 τῶν
364 1716 439 1759 ὑπ’
463 1718 566 1768 ἐμοῦ
592 1717 720 1759 πάλαι
745 1716 1136 1775 γεγραμμενων499),

369 1779 444 1816 XII
465 1781 488 1817 5
516 1778 689 1817 πολλῶν
714 1774 869 1830 καί500),

366 1837 458 1875 ΧΧΙ
476 1838 503 1875 4
528 1834 700 1875 πάντων
709 1832 791 1889 5⁰¹),

366 1895 495 1934 XXIV
517 1896 540 1934 6
581 1894 680 1943 μήτε
715 1892 817 1943 μετὰ
850 1891 1002 1944 βλάβης
1033 1896 1164 1944 πειρῶ
1199 1895 1284 1934 τῶν
1316 1893 1454 1944 φίλων
1485 1892 1580 1945 μήτ’
1611 1892 1781 1945 ἄπειρος

252 1949 357 1992 εἶναι
388 1953 473 1992 τῶν
505 1950 681 2001 ἑταίρων
712 1952 819 1992 θέλε.
867 1954 992 1993 τοῦτο
1024 1952 1070 1993 δὲ
1095 1953 1294 2003 ποιήςεις,
1330 1951 1405 1993 ἐὰν
1430 1953 1481 2003 μὴ
1509 1951 1707 2002 δεόμενος
1731 1953 1780 1994 τὸ

251 2012 406 2051 δεῑςθαι
432 2013 637 2062 προςποιῇ
647 2007 730 2064 ⁵⁰²),

366 2070 516 2108 XXVII
538 2072 563 2110 8
589 2065 809 2123 καλόν-503),

365 2129 492 2167 XXXI
513 2130 537 2168 3
559 2143 589 2168 s.
614 2125 712 2177 μηδ’
737 2125 789 2167 ἂν
814 2125 965 2167 ἀδίκως
990 2125 1251 2178 ὀργιζόμενοι
1276 2123 1627 2182 mmmmm),

368 2187 497 2225 XXXI
519 2189 572 2226 10
591 2200 621 2226 s.
649 2185 751 2236 βαρὺ
776 2184 855 2235 γάρ
866 2182 948 2238 ⁵⁰⁵),

370 2245 499 2283 ΧΧΧΙ
520 2247 569 2284 11
598 2243 900 2293 παροξυντικὸν
924 2240 1092 2298 γάρ506),

369 2304 516 2342 XXXII
538 2306 558 2342 1
576 2317 606 2342 s.
630 2300 801 2352 μάλιςτα
826 2299 993 2356 μένω),

364 2362 533 2402 XXXIII
554 2363 578 2401 5
594 2375 622 2401 s
655 2358 855 2401 πολλάκις
886 2359 965 2411 γὰρ
991 2359 1052 2401 ὧν
1076 2363 1164 2402 τοῖς
1190 2359 1331 2410 λόγοις
1357 2359 1584 2411 ἑλύπηςαν,
1616 2360 1777 2402 τούτων

251 2421 339 2461 τοῖς
371 2418 508 2469 ἔργοις
532 2419 608 2469 τὴν
632 2417 831 2469 τιμωρίαν
855 2415 1095 2475 ἔδοςανωῧ),

364 2479 528 2518 XXXIV
550 2480 571 2518 1
601 2473 992 2532 βουλευόμενοςωθ),

366 2538 457 2577 XLI
477 2539 500 2578 5
527 2532 758 2589 u6v01c⁶¹⁰),

365 2596 490 2634 XLIV
511 2597 534 2634 3
561 2592 630 2634 διὰ
652 2595 726 2644 τῆς
751 2591 878 2643 αὐτῆς
903 2592 1183 2644 πραγματείας
1209 2592 1292 2644 ἅμα
1302 2590 1384 2647 ⁵¹¹),

365 2655 491 2693 XLIX
511 2656 534 2693 7
562 2651 628 2693 καὶ
653 2648 886 2705 φίλους-Ἦ)

367 2712 443 2751 Sed
474 2725 547 2763 ego
577 2712 733 2762 quidem
763 2712 887 2750 multo
918 2713 1043 2762 magis
1069 2725 1114 2751 eo
1139 2712 1319 2761 inclinor,
1353 2713 1398 2750 ut
1423 2711 1471 2750 ad
1496 2723 1629 2750 earum
1653 2724 1775 2762 genus

251 2773 548 2821 scripturarum,
574 2783 673 2822 quae
697 2770 747 2810 ad
769 2770 965 2814 ,diversam
989 2771 1206 2822 apographi
1225 2770 1402 2820 Sergiani
1427 2769 1650 2809 memoriam
1673 2781 1777 2819 spee-

252 2832 357 2878 tant,
392 2830 463 2868 hos
489 2830 592 2868 locos
618 2829 796 2868 referam.
845 2828 1004 2877 Neque
1030 2829 1149 2867 enim
1173 2841 1323 2880 pauca.
1345 2829 1399 2867 ab
1425 2841 1478 2867 ee.
1499 2827 1776 2867 recensione

250 2888 503 2938 orationis,
535 2899 668 2938 quam
700 2887 1020 2938 apographum
1052 2888 1173 2926 illud
1201 2886 1475 2935 exhibebat,
1506 2886 1774 2936 antiquitus
