1820 3126
251 195 336 236 484
859 198 901 232 A.
927 196 1161 232 Baumstark:

251 306 346 344 terit
371 306 462 355 tibi,
492 307 536 343 ut
561 318 648 344 cum
678 306 762 356 ipso
787 307 968 355 lucteris,
999 310 1118 358 tuque
1143 307 1286 346 dixeris
1311 309 1440 346 mente
1465 308 1551 346 tua:
1577 304 1776 347 ‘Fortasse

252 377 340 403 eum
371 359 590 414 proiciam’!
628 377 737 415 cave,
767 377 816 404 ne
847 366 912 405 ille
938 368 977 405 te
1003 367 1168 416 proiciat
1193 369 1233 405 et
1259 366 1308 404 ad
1332 366 1554 416 pudendum
1579 365 1775 405 inducaris

251 435 381 461 coram
406 423 539 461 multis
564 423 785 463 hominibus
810 423 1095 464 adstantibus.“

371 483 465 520 103.
497 480 667 531 „Contra
685 494 785 533 eum,
809 483 875 532 qui
894 485 1023 522 tecum
1042 484 1190 522 rixatus
1212 483 1298 535 erit,
1320 483 1581 533 impudentem
1603 485 1643 522 te
1662 495 1777 534 geras

254 552 352 578 neve
377 540 655 579 condonaveris
681 540 717 579 ei
740 542 1013 580 contumeliam
1039 542 1163 591 patris
1188 541 1282 580 tui.“

371 600 463 636 104.
495 597 661 648 „Oculos
694 601 781 638 tuos
813 599 853 638 in
885 600 997 639 domo
1027 602 1100 639 tua
1129 601 1178 639 ad
1207 612 1358 639 servam
1383 602 1494 639 tuam
1517 613 1566 639 ne
1592 600 1779 639 adieceris

250 669 347 695 neve
362 657 554 696 amaveris
567 657 761 695 luxuriam
776 660 816 696 et
834 658 1033 697 libidinem
1052 671 1150 698 neve
1171 659 1355 698 honorem
1373 661 1486 697 tuum
1504 659 1615 708 parvi
1628 659 1778 698 feceris.

251 714 352 752 Nam
385 715 419 754 si
444 716 575 754 oculos
600 718 690 755 tuos
715 716 755 754 in
781 717 894 755 domo
918 719 988 755 tua
1012 717 1194 755 attollere
1218 729 1338 756 ausus
1362 717 1455 765 eris,
1487 718 1613 756 multa
1638 718 1779 756 amari·

250 774 385 811 tudine
411 774 609 824 affligeris,
635 776 685 825 et,
711 775 745 813 si
769 774 932 824 pudicus
956 776 1088 823 fueris,
1114 775 1253 814 beatus
1272 778 1312 813 et
1330 776 1551 814 fortunatus
1572 777 1660 826 eris,
1685 776 1776 826 quia

251 832 444 870 luxuriam
471 835 512 871 et
535 832 733 871 libidinem
761 834 856 871 deus
882 833 963 871 odit
988 836 1027 872 et
1050 834 1272 872 hominibus
1297 834 1433 872 foedae
1457 832 1676 873 videntur.“

367 891 460 930 105.
501 891 573 940 „Si
609 891 773 940 pecunia
805 891 893 939 tibi,
909 892 1030 930 fuerit
1059 894 1100 930 et
1130 891 1394 941 possessiones
1425 893 1664 942 possederis,
1699 905 1780 931 mo-

254 948 409 987 destum
436 952 476 988 et
499 962 659 988 suavem
678 952 718 988 te
737 951 883 999 praebe
903 953 943 988 et
961 951 1010 988 da
1029 952 1070 988 et
1087 950 1167 989 noli
1186 950 1359 1000 gloriari,
1385 952 1434 998 et,
1461 951 1494 989 si
1513 951 1779 1000 possessiones

247 1007 320 1044 tibi
344 1008 476 1046 nullae
501 1008 661 1046 fuerunt
686 1011 725 1047 et
749 1021 898 1057 pauper
916 1008 1049 1058 fueris,
1075 1009 1288 1058 supplicem
1309 1011 1348 1047 et
1366 1009 1553 1047 humilem
1572 1012 1612 1047 te
1631 1009 1776 1058 praebe

246 1067 286 1103 et
317 1066 398 1104 noli
429 1079 543 1116 asper
574 1078 669 1105 esse.
719 1064 1003 1106 Gloriationem
1034 1069 1074 1106 et
1098 1067 1351 1116 asperitatem
1376 1067 1551 1106 homiues
1576 1064 1779 1106 oderunt.“

363 1123 471 1163 Conf.
499 1125 599 1163 Men.
624 1125 700 1175 frg.
723 1126 818 1173 301,
844 1126 1009 1164 Monost.
1030 1127 1097 1176 43,
1123 1127 1219 1176 348,
1245 1126 1340 1164 454.

364 1184 459 1222 106.
491 1183 579 1234 „Ne
610 1184 742 1222 oculos
773 1186 861 1222 tuos
892 1197 916 1222 a
945 1185 1058 1233 patre
1092 1186 1162 1222 tuo
1194 1186 1264 1222 aut
1295 1196 1318 1222 a
1342 1186 1466 1223 matre
1490 1186 1561 1223 tua
1585 1185 1776 1223 averteris

243 1253 341 1279 neve
372 1241 480 1279 labia
508 1244 579 1280 tua
608 1242 650 1280 in
682 1242 826 1280 amicos
856 1244 947 1280 tuos
978 1244 1046 1280 aut
1078 1242 1118 1280 in
1142 1244 1414 1291 praeceptores
1439 1244 1528 1282 tuos
1553 1243 1776 1282 distorseris

245 1311 343 1338 neve
370 1299 498 1350 deum,
525 1300 592 1349 qui
617 1303 656 1338 te
681 1301 913 1351 procreavit,
938 1298 1256 1350 contempseris.“

363 1359 457 1397 107.
490 1356 698 1409 „[Verum]
731 1361 926 1398 memento
957 1362 998 1397 et
1027 1360 1132 1410 vide,
1163 1359 1266 1398 oculi
1291 1360 1324 1398 si
1348 1361 1540 1410 crescant,
1572 1360 1780 1409 supercilia

242 1429 442 1466 nunquam
478 1417 679 1466 excedere,
715 1418 807 1467 quia
839 1419 872 1456 si
902 1419 1052 1467 patrem
1087 1420 1126 1456 et
1155 1420 1322 1456 matrem
1352 1419 1499 1457 honore
1533 1418 1777 1467 superaveris

243 1477 283 1512 et
309 1475 358 1513 ab
384 1476 614 1525 aequalibus
641 1479 681 1514 et
705 1476 855 1515 civibus
880 1476 959 1514 tuis
984 1489 1150 1526 magnus
1176 1478 1216 1514 et
1241 1476 1416 1515 dominus
1442 1477 1662 1526 appellatus
1689 1477 1778 1527 eris,

242 1534 400 1572 nomine
431 1535 555 1583 patris
587 1535 646 1572 tui
679 1533 736 1584 [et
763 1534 900 1573 matris
925 1533 1036 1584 tuae]
1063 1535 1319 1584 appellabunt
1342 1537 1383 1573 te
1407 1535 1583 1574 homines
1609 1533 1778 1573 omnes.“

362 1594 455 1632 108.
487 1593 561 1643 „Si
591 1593 755 1643 pecunia
780 1593 855 1631 tibi
878 1593 999 1631 fuerit
1023 1595 1063 1631 et
1087 1594 1352 1642 possessiones
1377 1593 1615 1643 possederis,
1646 1593 1776 1631 fruere

241 1651 409 1700 pecunia
434 1653 515 1699 tua,
541 1652 662 1690 donec
680 1652 788 1691 vives
808 1654 848 1690 et
865 1651 1014 1690 videbit
1032 1651 1167 1690 oculus
1186 1653 1279 1690 tuus
1299 1654 1339 1691 et
1357 1652 1575 1691 ambulabit
1591 1663 1662 1702 pes
1681 1654 1774 1690 tuus

242 1712 282 1747 et
306 1710 456 1748 multae
482 1712 597 1748 erunt
620 1710 723 1749 vires
748 1713 859 1760 tuae,
886 1710 977 1760 quia
1001 1713 1196 1749 memento
1222 1713 1262 1748 et
1286 1710 1373 1750 vide
1398 1710 1592 1749 hominem
1616 1711 1658 1748 in
1683 1721 1773 1748 orco

240 1768 350 1805 nulla
374 1769 540 1817 pecunia
565 1769 624 1807 uti
647 1781 773 1818 neque
798 1768 956 1807 divitias
981 1769 1031 1807 ad
1052 1768 1211 1807 domum
1229 1771 1474 1808 mortuorum
1493 1768 1653 1807 comites
1672 1768 1773 1818 fieri3

241 1838 333 1876 ergo
366 1827 468 1865 bona
497 1827 573 1865 tibi
603 1828 685 1876 ipse
717 1841 766 1866 ne
797 1827 1063 1877 denegaveris.
1116 1827 1299 1866 Praestat
1329 1829 1431 1867 enim
1462 1839 1563 1866 unus
1594 1827 1675 1866 dies
1701 1828 1773 1865 sub

239 1885 322 1923 sole
347 1887 504 1924 centum
529 1885 641 1924 annis
666 1886 707 1923 in
732 1882 858 1925 orco.“

356 1943 462 1982 Conf.
477 1944 577 1982 Men.
591 1944 776 1995 frg.538;
797 1944 958 1983 Philem.
972 1944 1108 1994 frg.92
1122 1946 1250 1994 v.5's.;
1274 1943 1403 1982 Plaut.
1416 1943 1733 1983 Pseudul.v.685
1743 1956 1771 1982 s.

357 2004 452 2041 109.
483 2002 630 2054 „Curre
656 1998 730 2055 (-—-
750 1998 905 2056 labora)
929 2003 970 2040 in
994 2003 1198 2041 iuventute
1216 2005 1288 2041 tua
1313 2001 1450 2052 [donec
1468 2002 1619 2041 videbit
1637 2002 1772 2040 oculus

238 2063 330 2099 tuus
356 2063 397 2099 et
422 2061 642 2099 ambulabit
665 2074 734 2110 pes
759 2063 850 2099 tuus
879 2063 920 2100 et
943 2062 1092 2100 multae
1117 2062 1233 2099 erunt
1255 2061 1360 2100 vires
1379 2059 1489 2110 tuae]
1517 2063 1557 2099 et
1574 2057 1650 2111 (=
1668 2062 1771 2110 part.

239 2114 348 2170 aon),
370 2132 457 2157 cum
477 2132 593 2159 senex
612 2120 735 2159 fueris
755 2122 796 2158 et
814 2120 1066 2159 honoraberis
1078 2113 1153 2173 (=
1168 2117 1345 2168 πρέεβυε
1359 2114 1451 2172 ὢν),
1470 2119 1561 2158 sede
1581 2122 1622 2158 et
1639 2119 1770 2157 fruere

237 2178 404 2225 pecunia
427 2175 531 2216 tua.“

355 2235 462 2275 Conf.
489 2236 654 2276 Monost.
677 2238 774 2276 388.

356 2296 448 2334 110.
477 2293 590 2345 ‚,[Et]
613 2296 751 2334 decora
775 2295 956 2334 iuventus
982 2298 1054 2343 est,
1078 2308 1166 2334 cum
1183 2295 1335 2335 iuvenis
1355 2294 1478 2334 currit
1500 2289 1575 2348 (==
1595 2289 1768 2347 laborat)

238 2354 277 2392 et
301 2353 449 2392 viribus
477 2353 558 2392 suis
583 2353 775 2392 industrie
799 2354 926 2392 utitur
951 2349 1026 2406 (=
1044 2367 1131 2404 gen.
1152 2349 1330 2407 absol.).“

356 2414 449 2450 111.
476 2411 730 2462 „Sollicitudo
755 2425 803 2451 ne
827 2413 961 2451 veniat
984 2413 1024 2450 in
1050 2425 1115 2452 cor
1138 2415 1262 2461 tuum,
1291 2412 1384 2462 quia
1406 2424 1515 2451 merx
1538 2412 1643 2450 mala
1667 2412 1771 2450 solli-

239 2471 316 2509 cito
341 2473 402 2509 est
427 2469 685 2510 sollicitudo.“

353 2528 461 2567 Conf.
487 2529 587 2567 Men.
613 2530 688 2579 frg.
709 2531 810 2579 598,
839 2531 939 2579 667,
966 2530 1071 2580 668,
1095 2530 1261 2569 Philem.
1285 2530 1359 2580 fig.
1388 2530 1487 2579 106,
1513 2530 1613 2578 2023
1638 2529 1766 2568 Posid.

234 2587 404 2637 frg.·19;
430 2588 594 2627 Monost.
616 2589 712 2638 316,
733 2589 829 2637 383,
849 2589 945 2626 414.

354 2647 449 2684 112.
475 2643 635 2697 „[Quia]
660 2646 777 2684 multi
803 2649 896 2684 sunt
919 2647 1022 2696 anni,
1050 2659 1147 2697 quos
1173 2647 1287 2687 homo
1311 2658 1387 2685 non
1412 2646 1511 2685 vivit
1535 2648 1576 2684 et
1602 2658 1766 2696 quorum

237 2704 459 2743 sollicitudo
486 2717 575 2743 eum
599 2702 823 2743 interimit.“

351 2763 512 2812 Aliquid
536 2763 577 2802 in
602 2763 732 2803 verbis
757 2762 927 2812 Syriacis
953 2776 1088 2813 parum
1116 2776 1255 2803 sanum
1280 2765 1350 2802 est.

353 2823 446 2860 113.
486 2821 696 2872 „Quamvis
721 2822 911 2861 sollicitus
938 2822 1009 2873 sis,
1040 2822 1218 2862 morieris
1242 2823 1300 2871 et,
1332 2821 1510 2872 quamvis
1534 2821 1673 2859 anxius
1700 2821 1765 2870 sis,

232 2879 272 2916 in
298 2882 502 2918 aeternum
527 2893 605 2919 non
630 2877 773 2919 vives.“

352 2938 461 2976 Conf.
488 2938 652 2978 Philem.
676 2940 751 2989 frg.
775 2940 840 2987 73,
865 2942 958 2978 110.
994 2939 1169 2990 Alciphr.
1194 2951 1253 2989 ep.
1277 2939 1298 2978 Ι
1323 2939 1388 2978 25.
