1820 3126
555 108 846 146 Lucubrationes
872 106 1158 154 Syro-Graecae.
1554 105 1639 147 377

91 227 237 265 tentias
261 237 339 263 non
365 235 482 273 posse
507 222 557 261 ab
583 222 720 262 eodem
745 220 904 260 homine
928 220 1128 271 profectas
1154 233 1250 259 esse.
1302 218 1344 257 Si
1369 219 1472 257 enim
1498 219 1548 269 is,
1575 218 1643 268 qui

90 286 239 336 primus
265 283 392 333 Sergii
416 282 647 332 interpretis
672 281 910 320 mentionem
936 280 1056 319 titulo
1083 279 1244 330 adiecit,
1276 279 1352 317 sibi
1377 278 1643 328 persuasisset

87 345 305 385 versionem
336 342 568 391 Sergianam
605 354 652 381 ex
688 340 828 390 lingua
860 339 1012 379 Graeca
1042 339 1083 377 in
1115 339 1324 379 Arabicam
1363 338 1510 377 factam
1542 350 1640 384 esse,

86 403 321 444 sententiam
348 414 460 441 suam
486 414 564 440 uno
590 400 796 440 enuntiato
821 400 958 450 procul
985 399 1104 438 dubio
1132 399 1359 449 complexus
1386 399 1504 437 esset.
1560 396 1641 435 An-

92 464 214 514 tiqua,
239 464 285 501 ut
308 475 387 500 uno
412 461 534 501 verbo
559 474 643 500 rem
669 460 886 507 absolvam,
911 459 989 497 nisi
1014 460 1136 499 verba

797 549 949 633 :52:³5
982 562 1070 617 [ἔξω
1102 583 1158 629 U?
1191 580 1359 624 &³5⁰⁸
1393 573 1526 623 ⁸⁸9}

202 683 432 735 „Convertit
457 683 604 722 librum
633 683 796 734 Sergius
822 682 933 722 Eliae
958 682 1063 721 filius
1090 679 1291 721 Graecus“

86 769 163 796 non
194 757 304 806 sunt,
336 769 399 804 ea,
433 768 534 805 quae
566 757 805 806 sequuntur,
836 757 977 805 postea
1007 754 1233 793 coniectura
1264 755 1358 792 sunt
1388 753 1536 792 addita.
1580 751 1646 790 Ad

90 816 253 855 eandem
272 828 366 855 vero
386 816 651 854 coniecturam
671 815 792 854 etiam
812 808 921 866 Hagi
940 813 1082 853 Chalfa
1106 813 1333 864 confugisse
1355 813 1517 853 videtur
1535 812 1646 851 facil-

89 876 224 914 limam
251 887 338 914 eam
362 875 522 925 quidem
547 887 728 926 quaeque
754 875 861 913 ultro
889 887 930 914 se
956 875 1159 913 offerebat.

205 941 311 992 Ergo
344 941 624 992 antiquitus
657 941 704 979 id
735 941 888 980 solum
919 940 1174 979 constabat
1210 939 1388 977 librum
1427 939 1482 977 de
1520 937 1645 988 agri-

86 1002 279 1040 cultura
318 1000 499 1040 Graeca
535 1013 559 1039 a
597 1000 766 1051 Sergio
805 1000 939 1039 Eliae
979 1000 1087 1038 filio
1126 999 1306 1038 Graeco
1346 1010 1451 1038 esse
1489 999 1647 1036 trans-

86 1062 245 1101 latum.
295 1060 348 1099 In
376 1073 513 1111 quam
538 1061 752 1111 linguam
785 1059 1144 1111 transtulisset,
1176 1058 1361 1098 Arabes
1395 1059 1524 1097 certo
1556 1070 1648 1096 non

85 1121 312 1160 sciebant.
359 1120 529 1171 Itaque
554 1120 759 1160 Arabico
785 1120 1005 1171 Sergium
1032 1119 1168 1158 Elias
1195 1119 1353 1157 filium
1389 1117 1648 1168 scripsisse

86 1183 138 1220 ut
162 1181 431 1232 credamus,
468 1181 600 1220 nullo
633 1183 914 1231 argumento
947 1179 1179 1218 efficitur.
1211 1199 1269 1205 ——-
1302 1178 1520 1217 Videamus
1548 1178 1649 1217 'num

84 1240 183 1279 illud
226 1242 380 1279 certum
425 1240 477 1278 sit
520 1242 560 1279 et
604 1240 852 1290 exploratum
898 1238 1046 1278 Graece
1090 1239 1295 1289 scripsisse
1331 1238 1482 1290 Kostus
1522 1237 1647 1285 illum,

85 1300 196 1339 cuius
229 1313 372 1339 nomen
405 1300 507 1339 liber
539 1301 586 1338 de
613 1300 859 1350 agricultura
885 1298 1038 1338 Graeca
1062 1298 1258 1338 Arabicus
1290 1298 1422 1337 fronte
1447 1297 1562 1349 gerit.
1595 1318 1645 1323 —

83 1353 192 1410 Hag'i
219 1358 361 1398 Chalfa
386 1359 559 1411 quinque
583 1361 768 1398 numerat
792 1359 994 1399 versiones
1020 1359 1114 1397 libri
1141 1359 1188 1397 de
1213 1358 1463 1409 agricultura
1483 1356 1650 1408 Graeca,

88 1419 333 1470 Sergianam,
360 1432 479 1470 quam
504 1419 632 1470 fingit,
656 1420 815 1470 Kostae,
842 1418 1056 1466 Eustathii,
1083 1419 1175 1457 Abu
1196 1418 1401 1468 Zakarjae,
1427 1430 1516 1456 eam
1541 1417 1649 1456 deni-

87 1493 183 1529 que,
215 1492 329 1530 quam
362 1479 536 1519 incertus
569 1479 739 1529 scriptor
772 1492 793 1518 e
824 1479 1007 1518 versione
1031 1478 1192 1517 Persica
1222 1477 1447 1517 confecerit.
1496 1477 1557 1516 Ex
1587 1477 1650 1516 his

87 1551 203 1578 unam
229 1541 387 1578 tantum
412 1540 553 1589 procul
582 1539 701 1578 dubio
727 1539 768 1577 in
792 1539 974 1578 manibus
1000 1538 1143 1577 habuit
1168 1537 1415 1588 Sergianam.
1459 1537 1520 1576 Ea
1544 1538 1650 1576 enim

89 1599 174 1638 sola
196 1599 238 1637 in
263 1611 427 1638 numero
452 1599 647 1638 librorum
673 1601 734 1638 est
759 1599 810 1638 ab
835 1599 904 1638 illo
927 1598 1226 1638 recensitorum.
1270 1597 1404 1636 Etiam
1429 1597 1651 1637 versionem

88 1671 109 1697 e
134 1658 292 1698 Persico
319 1671 497 1698 sermone
530 1658 678 1698 factam
707 1659 840 1708 ipsum
865 1652 971 1710 Hagi
997 1658 1180 1697 Chalfam
1211 1658 1371 1698 novisse
1403 1658 1489 1696 veri
1521 1658 1651 1696 simile

89 1720 161 1757 est.
211 1717 459 1768 Quamquam
487 1718 655 1770 cogitari
686 1720 819 1768 potest
849 1718 1040 1757 iudicium
1072 1717 1121 1756 de
1152 1717 1261 1756 illius
1292 1717 1487 1757 versionis
1519 1717 1650 1756 indole

90 1779 130 1816 et
161 1780 247 1817 arte
280 1791 326 1817 ex
358 1778 495 1817 eodem
529 1779 639 1817 fonte
670 1778 911 1826 manavisse,
944 1778 1049 1816 unde
1081 1778 1129 1816 de
1154 1777 1404 1817 versionibus
1430 1779 1579 1827 Kostae
1610 1778 1651 1816 et

89 1837 334 1888 reliquorum
360 1838 579 1877 doctrinam
603 1838 750 1877 hausit.
794 1836 890 1876 Illas
918 1838 1022 1876 enim
1048 1837 1250 1877 versiones
1278 1849 1320 1876 se
1345 1837 1477 1886 ipsum
1502 1836 1651 1876 vidisse

87 1897 247 1936 minime
273 1898 488 1936 contendit.
538 1897 664 1937 Immo
691 1897 866 1937 dubitari
891 1910 970 1936 non
993 1899 1146 1948 potest,
1178 1897 1276 1947 quin
1300 1909 1437 1936 earum
1462 1896 1651 1936 notitiam

89 1970 137 1996 ex
162 1956 240 1996 alio
266 1958 375 1996 fonte
401 1957 475 1997 sibi
495 1957 782 2009 comparaverit
803 1958 976 2007 optimae
1002 1958 1162 2007 quidem
1182 1970 1227 1996 eo
1246 1959 1376 1996 notae.
1422 1956 1536 2003 Quod
1555 1969 1650 1996 vero

87 2015 319 2066 Sergianam
344 2017 425 2055 illis
450 2019 657 2068 praestare
689 2016 882 2067 affirmat,
913 2017 1034 2067 illud,
1065 2017 1099 2056 si
1130 2017 1218 2067 quis
1250 2017 1424 2056 indolem
1455 2016 1652 2056 rationes-

87 2089 166 2127 que
207 2076 477 2127 lexicographi
521 2079 628 2116 recte
667 2076 932 2128 perspexerit,
977 2077 1094 2116 facile
1131 2077 1332 2128 intelliget
1368 2076 1462 2115 inde
1499 2076 1651 2117 factum

88 2148 195 2185 esse,
227 2136 334 2186 quod
359 2149 446 2174 eam
472 2136 597 2176 solam
622 2137 706 2187 ipse
731 2136 850 2187 legit,
881 2137 990 2188 illas,
1023 2149 1122 2188 quas
1149 2139 1267 2175 antea
1293 2136 1493 2175 exstitisse
1518 2136 1650 2175 1108010

87 2195 192 2234 1111ᾶο
217 2198 471 2246 cognoverat,
501 2196 551 2235 ad
577 2209 691 2236 suam
716 2209 842 2247 usque
868 2198 1042 2236 aetatem
1068 2196 1273 2236 duravisse
1292 2209 1371 2236 non
1390 2196 1580 2250 putabat,
1605 2197 1652 2234 ut

88 2267 190 2306 quae
214 2255 386 2294 fuissent
410 2255 561 2295 minore
587 2258 673 2295 arte
698 2257 911 2296 confectae.
966 2256 1052 2295 Iam
1085 2257 1133 2295 de
1157 2257 1339 2295 versione
1365 2255 1513 2306 Sergii,
1545 2256 1651 2307 quod

89 2327 175 2354 eam
207 2327 255 2354 ex
286 2314 435 2354 Graeca
472 2316 611 2365 lingua
642 2316 812 2355 Arabice
842 2316 991 2355 factam
1021 2328 1108 2355 esse
1143 2316 1363 2366 contendit,
1401 2315 1443 2354 id
1479 2315 1651 2355 vidimus

89 2387 179 2413 eum
198 2374 427 2414 coniectura
446 2377 672 2414 assecutum
693 2388 790 2415 esse.
836 2374 980 2415 Cetera
999 2388 1094 2415 vero
1120 2389 1222 2426 quae
1249 2376 1296 2414 de
1317 2377 1492 2424 auctore,
1517 2375 1651 2426 titulo,

86 2434 252 2473 circuitu
290 2434 375 2474 eius
406 2435 607 2486 perhibet,
644 2436 742 2475 adeo
780 2448 870 2475 cum
900 2436 1032 2475 verbis
1066 2435 1212 2475 codicis
1244 2435 1523 2486 Lugdunensis
1559 2447 1650 2475 con-

86 2493 268 2544 veniunt,
306 2496 352 2533 ut
389 2494 565 2533 dubitari
595 2507 675 2534 non
705 2496 833 2545 possit
863 2495 1148 2535 adhibuisse
1171 2491 1296 2547 Hagi
1321 2493 1545 2534 Chalfam
1577 2508 1651 2535 co-

87 2553 230 2592 dicem
267 2554 426 2604 operis
465 2554 677 2594 eiusdem
713 2555 948 2605 familiae,
986 2555 1121 2594 cuius
1159 2557 1234 2594 est
1270 2555 1417 2594 codex
1458 2554 1651 2606 Lugdu-

86 2612 259 2652 nensis.
309 2613 370 2652 Ex
393 2614 714 2663 inscriptione
746 2617 881 2654 autem
910 2614 1030 2653 libri
1055 2614 1413 2665 Lugdunensis,
1449 2615 1528 2654 nisi
1561 2616 1650 2665 quis

85 2676 379 2724 praeoccupata
409 2675 542 2712 mente
567 2686 651 2712 rem
678 2677 848 2725 spectat,
879 2674 1072 2713 minime
1104 2676 1241 2724 patet
1265 2674 1447 2726 Kostfis
1483 2675 1648 2726 operis

87 2731 256 2771 Graeci
281 2733 499 2773 conditor
523 2733 723 2783 putandus
749 2734 803 2773 sit
828 2747 879 2773 an
903 2734 1146 2773 versionis
1172 2733 1423 2773 Arabicae.
1469 2734 1643 2774 Evoluto

87 2792 221 2831 autem
246 2793 346 2832 libro
371 2793 540 2832 maiores
568 2793 700 2844 etiam,
726 2793 758 2832 si
784 2794 872 2845 quis
892 2787 997 2844 Hag'i
1018 2793 1183 2832 Chalfae
1209 2793 1483 2832 testimonium
1509 2794 1643 2832 defen-

86 2851 178 2890 dere
208 2852 395 2903 voluerit,
433 2852 688 2891 difficultates
722 2853 948 2893 obstabunt.
999 2851 1188 2892 Plurimis
1225 2853 1331 2892 enim
1362 2852 1460 2892 locis
1494 2853 1644 2904 Kostfis

85 2909 164 2960 ille,
189 2924 307 2961 quem
332 2925 404 2962 pro
424 2911 576 2952 Graeco
602 2912 749 2952 habeat
772 2925 933 2953 necesse
960 2912 1048 2963 erit,
1072 2912 1160 2963 ipse
1183 2924 1225 2952 80
1245 2912 1426 2963 Graecis,
1453 2910 1643 2951 Graeciae
