1820 3126
261 150 347 193 404
876 150 918 187 A.
939 148 1172 186 Baumstark:

266 265 365 301 sunt.
409 262 572 301 Accedit
597 263 641 299 ut
666 274 853 312 perquam
879 261 1038 300 dubium
1059 261 1121 311 sit,
1146 273 1240 299 num
1265 261 1312 299 de
1337 261 1526 300 medicina
1551 261 1786 301 veterinaria

263 321 454 370 Apuleius
474 322 680 370 praecepta
698 320 904 370 scripserit.
942 320 1123 358 Auctoris
1143 319 1377 369 gravissimi,
1395 320 1537 370 quique
1557 319 1783 370 saepissime

265 392 289 418 a
312 379 590 418 recentioribus
616 378 839 427 adhibetur,
866 378 924 417 bis
950 379 1069 418 verba
1093 378 1325 428 afferuntur,
1350 390 1450 427 quae
1475 378 1683 417 sanitatem
1708 378 1788 416 ani-

264 437 426 476 malium
458 437 758 476 domesticorum
790 437 1012 487 respiciunt.
1027 430 1095 487 250)
1157 436 1215 474 Ea
1246 439 1403 486 sumpta
1433 448 1516 476 esse
1548 438 1711 486 possunt
1742 449 1789 475 ex

266 493 607 545 „medicinalibus“
634 495 794 544 Apulei,
827 507 924 546 quae
952 494 1174 533 Priscianus
1205 490 1429 547 laudat.²⁶¹)
1479 494 1586 541 Quae
1615 506 1709 534 vero
1742 507 1788 532 ex

266 554 465 604 Georgicis
491 554 634 603 Apulei
662 554 703 592 in
734 553 961 604 Geoponicis
993 547 1246 605 Graecis²⁵²)‚
1280 553 1455 592 versione
1484 554 1647 604 Kostae,
1679 553 1788 591 libris

266 613 429 651 Palladii
439 607 508 665 ²⁵³)
535 612 760 660 afferuntur,
786 612 915 651 omnia
940 611 988 650 ad
1013 611 1206 649 culturam
1226 612 1447 661 plantarum
1467 614 1654 660 spectant.
1696 609 1789 656 Qni-

266 672 429 710 buscum
463 671 610 720 optime
640 671 820 710 convenit
845 670 988 720 Apulei
1019 682 1043 707 a
1074 669 1207 708 Servio
1239 671 1287 708 ad
1311 670 1527 719 Vergilium
1538 664 1606 722 ΞΜ)
1638 669 1790 707 laudari

265 730 409 768 librum
434 730 505 777 „de
530 726 770 769 arboribus“.
818 729 993 778 Denique
1020 728 1090 779 „de
1115 728 1269 779 genitu,
1293 729 1416 776 victu,
1441 727 1659 777 particulis,
1684 726 1784 766 diffe-

266 786 416 827 rentia“
442 788 665 827 animalium
693 787 844 826 studuit
868 787 1022 837 quidem
1047 786 1239 835 Apuleius
1265 789 1304 825 et
1328 786 1495 836 scripsit.
1545 785 1620 824 Sed
1645 786 1790 835 scripta

267 847 367 896 eius,
393 859 493 896 quae
517 847 558 885 in
582 847 653 885 hoc
678 847 760 885 loco
785 846 1018 885 illustrando
1043 845 1321 894 versabantur,
1347 846 1537 895 quantum
1562 857 1608 882 ex
1633 845 1688 883 eis
1713 843 1790 882 col-

267 906 339 956 ligi
362 907 513 955 potest,
540 918 640 955 quae
666 905 714 943 de
738 905 811 942 hac
834 907 946 954 parte
971 904 1188 942 studiorum
1213 915 1371 942 suorum
1397 903 1481 952 ipse
1507 896 1789 953 significat205),

266 964 479 1014 plurimum
517 964 647 1012 abest,
685 965 728 1002 ut
765 963 811 1001 ad
850 962 1081 1001 medicinam
1116 962 1393 1001 veterinariam
1430 961 1699 1010 pertinuerint.
1733 981 1790 986 —

267 1022 413 1062 Contra
436 1023 563 1061 multa
588 1024 679 1060 sunt
703 1023 947 1071 argumenta,
972 1020 1112 1070 quibus
1137 1020 1295 1069 probari
1320 1020 1445 1069 possit
1472 1021 1678 1069 praecepta
1702 1018 1791 1058 Dio·

265 1081 369 1131 nysii
392 1081 576 1120 Anatolio
609 1093 661 1121 ex
689 1080 833 1119 cestis
860 1079 1076 1117 Africani
1101 1079 1256 1128 cognita
1280 1078 1414 1116 fuisse.
1462 1078 1634 1116 Primum
1660 1089 1791 1127 super-

268 1140 466 1178 stitiosum
496 1139 813 1189 mirabiliumque
844 1138 1025 1187 cupidum
1057 1136 1284 1175 Africanum
1321 1137 1439 1175 fuisse
1475 1148 1602 1174 nemo*
1620 1136 1791 1186 negabit,

267 1198 301 1237 si
332 1200 482 1237 attente
514 1200 724 1248 cestorum,
761 1209 859 1247 quae
891 1196 939 1234 ad
969 1208 1052 1234 rem
1083 1195 1268 1234 rusticam
1301 1197 1341 1234 et
1370 1195 1419 1233 ad
1449 1195 1637 1233 medicam
1666 1196 1792 1232 artem

268 1258 463 1306 spectant,
501 1256 722 1306 fragmenta
753 1254 976 1304 perlegerit.
1034 1253 1226 1303 Perquam
1255 1254 1378 1303 igitur
1414 1266 1500 1291 cum
1533 1253 1687 1303 ingenio
1718 1251 1793 1291 viri

266 1316 447 1355 convenit
471 1327 571 1362 eum,
596 1327 711 1364 quam
733 1313 873 1363 potuit,
898 1312 1123 1362 saepissime
1149 1311 1460 1362 superstitiosam
1483 1313 1523 1349 et
1546 1311 1792 1360 paradoxam,

268 1386 384 1423 quam
424 1373 495 1412 sub
526 1373 682 1412 nomine
713 1371 864 1421 antiqui
893 1370 1106 1409 Democriti
1135 1371 1255 1409 Bolus
1292 1371 1522 1420 collegerat,
1559 1369 1789 1419 sapientiam

267 1432 549 1481 compilavisse.
611 1431 779 1469 Maximo
818 1430 955 1468 deinde
990 1429 1080 1467 usui
1117 1427 1325 1468 Africanus
1362 1427 1542 1478 scriptori
1577 1427 1789 1466 medicinae

267 1490 527 1530 veterinariae
558 1502 641 1528 esse
672 1490 838 1539 poterat.
899 1487 1107 1527 Latissime
1138 1487 1241 1526 enim
1271 1487 1373 1537 apud
1405 1499 1494 1526 eum
1529 1486 1704 1535 patuisse
1741 1485 1789 1524 de

268 1549 415 1587 tuenda
439 1551 479 1588 et
503 1548 745 1587 restituenda
770 1547 938 1587 sanitate
958 1546 1183 1586 animalium
1205 1548 1415 1595 praecepta
1438 1547 1631 1583 cestorum
1650 1543 1790 1594 capita,

269 1620 369 1657 quae
396 1609 566 1646 aetatem
590 1607 779 1654 tulerunt,
805 1618 882 1645 non
905 1617 1031 1655 pauca
1055 1599 1316 1656 indicant.²⁵⁶)
1365 1604 1469 1642 Illud
1493 1615 1645 1653 quoque
1669 1602 1710 1640 in
1729 1602 1791 1640 de-

268 1666 367 1705 liciis
399 1666 582 1705 habuisse
614 1664 861 1714 Africanum,
898 1666 944 1702 ut
978 1664 1173 1713 permulta
1210 1663 1257 1701 de
1295 1663 1538 1711 singulorum
1567 1661 1794 1699 animalium

269 1725 520 1775 generatione
544 1724 739 1774 proferret
763 1722 958 1761 mirabilia
981 1734 1165 1772 magnam
1189 1723 1313 1771 parte,
1337 1733 1386 1759 ne
1409 1721 1532 1759 dicam
1557 1719 1791 1769 prodigiosa,

270 1796 318 1821 ex
343 1783 399 1822 eis
424 1783 556 1832 colligi
580 1783 723 1832 potest,
749 1794 846 1831 quae
872 1781 1025 1819 Psellus
1050 1780 1234 1819 servavit.
1245 1774 1313 1831 ²⁵⁷)
1355 1779 1477 1828 Atqui
1502 1778 1605 1817 circa
1629 1777 1794 1816 eundem

269 1843 398 1881 locum
422 1841 590 1880 vidimus
617 1841 816 1891 singulare
842 1839 1019 1878 Anatolii
1049 1851 1202 1889 quoque
1234 1838 1407 1877 studium
1437 1837 1569 1876 fuisse.
1615 1836 1791 1886 Denique

270 1901 305 1939 si
329 1900 391 1939 cui
410 1913 549 1950 parum
573 1899 660 1938 istis
681 1899 923 1949 argumentis
947 1897 1120 1936 effecisse
1144 1897 1251 1936 visus
1277 1909 1354 1947 ero,
1378 1896 1476 1934 illud
1495 1894 1636 1933 addam
1658 1907 1791 1944 supre-

270 1971 388 1998 mum.
432 1958 539 2003 Quae
564 1957 611 1997 de
637 1958 855 1996 admissura
872 1957 992 1995 boum
1009 1955 1218 1994 Anatolius
1236 1954 1502 1994 Democritum
1528 1955 1683 1992 secutus
1707 1964 1796 2002 pro-

270 2017 328 2056 dit
339 2011 421 2070 ²⁵⁸)‚
458 2029 504 2055 ea
534 2017 583 2055 ad
613 2016 776 2055 verbum
800 2028 888 2054 cum
912 2014 1096 2054 Africano
1126 2014 1368 2053 conveniunt.
1376 2007 1445 2065 ²⁵⁹)
1505 2012 1640 2062 Neque
1664 2013 1795 2050 tamen

270 2075 478 2114 Africanus
497 2075 592 2125 ipsa,
619 2087 717 2125 quae
736 2073 951 2113 Democriti
969 2073 1206 2123 ferebantur,
1225 2073 1370 2122 scripta
1387 2071 1541 2110 videtur
1559 2070 1796 2109 lectitavisse

270 2135 356 2184 sed,
392 2135 433 2172 id
466 2134 570 2184 quod
606 2134 653 2172 de
690 2132 873 2171 Anatolio
909 2132 1119 2182 probatum
1155 2133 1233 2182 est,
1271 2143 1341 2180 per
1374 2129 1603 2179 Dionysium
1638 2128 1796 2179 cognita

270 2193 466 2232 habuisse.
505 2191 749 2241 Quamquam
760 2190 940 2241 Dionysii
957 2190 1080 2241 ipsius
1100 2189 1221 2228 libros
1241 2189 1280 2227 in
1294 2188 1473 2227 manibus
1487 2187 1568 2226 eius
1587 2187 1707 2226 fuisse
1718 2198 1795 2225 non

273 2252 400 2290 ausim
425 2250 633 2290 affirmare.
682 2250 900 2300 Singularis
924 2252 1054 2288 autem
1080 2248 1180 2287 ratio
1211 2247 1416 2286 intercedit
1439 2246 1542 2285 inter
1565 2246 1794 2284 Africanum

271 2312 312 2350 et
335 2310 638 2360 Diophanem.
681 2308 856 2347 Africani
881 2307 982 2346 enim
1007 2304 1250 2357 „pa1·adoxa“
1273 2306 1484 2345 laudantur
1507 2305 1548 2343 in
1567 2305 1795 2354 argumento

271 2369 364 2407 libri
387 2369 407 2407 I
431 2367 738 2418 Geoponicorum
763 2366 1007 2406 Graecorum.
1058 2365 1203 2404 Contra
1228 2360 1470 2415 „paradoxa“
1494 2363 1606 2401 libris
1630 2362 1712 2401 suis
1747 2361 1795 2399 de

273 2440 315 2466 re
340 2427 487 2466 rustica
510 2426 753 2476 Diophanem
784 2425 1027 2474 inscripsisse
1050 2424 1213 2463 Photius
1238 2426 1374 2462 auctor
1399 2423 1469 2461 est.
1517 2419 1672 2470 Optime
1697 2418 1796 2458 Ode-

271 2499 339 2524 rus
348 2479 417 2538 ²⁶⁰)
444 2484 731 2534 difficultatem,
763 2496 863 2535 quae
897 2483 986 2522 inde
1017 2482 1173 2522 videtur
1205 2482 1313 2533 oriri,
1344 2481 1447 2532 quod
1477 2479 1596 2518 libros
1620 2478 1796 2517 Africani

272 2545 320 2583 de
339 2545 455 2583 rebus
479 2543 664 2595 physicis,
689 2542 858 2591 rusticis,
882 2541 1040 2581 medicis
1060 2541 1149 2580 illos
1169 2539 1335 2580 κεετοὺ(
1355 2538 1572 2590 appellatos
1592 2549 1676 2576 esse
1694 2537 1796 2575 inter

274 2615 407 2642 omnes
432 2604 598 2652 constat,
621 2601 679 2641 ita
704 2601 874 2648 sustulit,
898 2602 944 2639 ut
970 2600 1015 2650 ei,
1040 2613 1140 2650 quae
1164 2600 1212 2638 de
1234 2611 1278 2637 re
1297 2598 1443 2637 rustica
1461 2598 1575 2645 esset,
1601 2597 1795 2635 cestorum

273 2661 379 2710 parti
398 2658 616 2709 παράδοξα
633 2656 838 2709 γεωργία(
856 2659 1087 2708 inscriptum
1105 2659 1226 2698 fuisse
1241 2657 1444 2696 statueret.
1480 2655 1654 2694 Titulum
1673 2653 1796 2704 igitur

274 2732 298 2758 a
335 2719 538 2769 Diophane
569 2720 695 2769 primo
725 2720 959 2768 usurpatum
989 2717 1157 2767 arripuit
1188 2716 1404 2755 Africanus.
1461 2713 1508 2752 Id
1544 2713 1646 2763 quod
1681 2711 1797 2751 valde

273 2790 410 2817 vereor
434 2780 479 2816 ut
503 2778 678 2817 facturus
702 2777 834 2828 fuerit,
858 2776 935 2814 nisi
959 2776 999 2814 in
1023 2777 1141 2815 rebus
1165 2786 1319 2826 quoque
1344 2775 1385 2812 et
1408 2773 1638 2824 argumento
1662 2783 1686 2810 a
1702 2770 1795 2810 Dio-

272 2837 400 2886 phane
426 2837 566 2875 fuisset
590 2847 812 2887 suspensus.
867 2834 955 2873 Boli
979 2835 1101 2885 igitur
1125 2836 1165 2873 et
1188 2832 1365 2883 Magonis
1389 2830 1585 2870 doctrinas
1611 2842 1635 2868 a
1658 2827 1792 2868 Cassio

274 2894 463 2947 Dionysio
501 2897 700 2935 contextas
737 2907 762 2934 a
795 2893 1002 2944 Diophane
1032 2893 1260 2941 Africanus,
1296 2891 1345 2930 ab
1377 2889 1560 2929 Africano
1589 2886 1797 2927 Anatolius
