1774 3120
734 694 813 728 „Illa
838 701 958 726 quoque
983 694 1102 720 minora
1120 694 1186 727 (sed
1205 694 1282 720 nihil
1303 695 1334 720 in
1355 695 1466 721 studiis
1484 695 1625 727 parvum)

701 738 763 757 non
782 732 854 757 sunt
873 729 1086 756 transeunda.“

1172 765 1350 798 Quintilian.
1370 767 1446 793 Inst.
1467 773 1510 794 or.
1523 767 1552 792 X
1565 767 1589 793 3.

182 867 544 907 Lucubrationibus
553 861 594 920 *)
618 866 706 906 istis
732 879 821 906 cum
840 867 971 906 locum
990 866 1228 906 tentandum
1247 866 1345 904 mihi
1363 879 1626 917 proponerem

66 928 262 967 lubricum
299 929 340 966 et
377 940 401 966 a
436 927 579 966 studiis
609 926 850 966 nostratium
881 926 1179 977 philologorum
1209 926 1328 976 paulo
1361 927 1625 975 remotiorem,

67 987 194 1038 primo
220 987 379 1038 quidem
404 987 445 1026 id
471 999 596 1025 unum
622 986 809 1037 agebam,
835 988 898 1034 ut,
924 986 993 1037 qui
1019 999 1040 1025 e
1065 985 1314 1026 versionibus
1341 985 1516 1038 Syriacis
1542 986 1627 1026 Iso-

65 1047 204 1098 cratis,
227 1046 453 1095 Menandri,
478 1046 701 1098 Plutarchi,
727 1046 908 1094 Luciani,
936 1045 1089 1097 Galeni,
1116 1045 1326 1084 Themistii
1352 1046 1483 1085 adhuc
1508 1047 1627 1086 editis

64 1108 155 1157 post
174 1119 288 1146 curas
308 1106 511 1146 hominum
530 1105 849 1146 doctissimorum
867 1105 1011 1144 Landii
1020 1099 1066 1159 ¹),
1093 1100 1626 1160 Hoffmanni2),Rysse1ii³),

65 1161 351 1220 Rothsteinffl)
377 1166 527 1216 percipi
552 1178 668 1217 posse
694 1165 927 1206 viderentur
944 1165 1100 1204 fructus
1120 1165 1351 1216 colligerem
1372 1166 1627 1217 omniumque

63 1226 156 1266 usui
187 1227 534 1266 accommodarem.
584 1226 807 1277 Reliquisse
840 1228 974 1264 autem
1004 1226 1112 1265 viros
1142 1226 1278 1264 doctos
1303 1238 1383 1265 non
1408 1238 1553 1276 pauca,
1585 1227 1627 1265 in

65 1285 207 1336 quibus
234 1286 604 1337 quantulascunque
630 1286 708 1324 tiro
727 1285 833 1325 vires
855 1298 1088 1335 exercerem,
1115 1285 1149 1324 si
1168 1285 1256 1335 quis
1277 1286 1626 1326 commentationis

64 1358 175 1385 meae
200 1346 333 1395 capita
357 1346 528 1385 alterum
555 1347 595 1384 et
619 1345 785 1384 tertium
811 1358 901 1385 cum
921 1345 978 1384 eis
998 1345 1224 1395 contulerit,
1251 1358 1352 1395 quae
1371 1346 1432 1384 illi
1455 1346 1628 1385 disseru-

66 1407 199 1456 erunt,
230 1418 309 1444 non
340 1405 490 1456 poterit
521 1406 638 1445 facile
666 1417 824 1457 negare.
850 1426 910 1431 —
933 1405 993 1444 De
1020 1405 1160 1455 Sergio
1187 1405 1421 1444 Resainensi
1445 1418 1525 1445 non
1550 1407 1627 1446 nisi

65 1477 150 1504 eam
177 1465 226 1504 ob
252 1477 411 1505 causam
437 1465 566 1504 dicere
591 1466 633 1504 in
657 1465 789 1504 animo
816 1467 914 1514 erat,
941 1465 1045 1515 quod
1071 1465 1106 1503 ei
1131 1465 1356 1516 plerasque,
1382 1478 1482 1515 quas
1507 1466 1625 1506 modo

65 1525 310 1576 enumeravi,
340 1525 540 1565 versiones
571 1525 831 1564 vindicandas
863 1537 950 1564 esse
983 1519 1308 1578 Hoffmannus5),
1341 1525 1568 1576 Wrightius
1578 1520 1627 1577 6),

64 1584 279 1624 Sachavius
289 1579 341 1638 ⁷),
378 1579 630 1639 Rysseliusss)
669 1587 783 1624 erant
820 1585 1012 1635 suspicati
1051 1585 1179 1634 magis
1212 1597 1332 1635 quam
1357 1585 1626 1635 probaverant

64 1644 179 1694 adeo,
211 1646 255 1684 ut
286 1644 384 1683 mihi
416 1645 554 1684 liceret
586 1646 859 1696 quaestionem
884 1647 1093 1695 tamquam
1118 1645 1368 1694 exploratam
1392 1658 1559 1695 prorsus
1586 1648 1627 1685 et

62 1704 314 1755 profligatam
339 1705 568 1754 praeterire.
616 1704 709 1744 Mox
735 1705 856 1744 latius
884 1718 926 1744 se
946 1705 1149 1755 aperiente
1169 1704 1339 1743 materia
1358 1705 1624 1745 absolutionis

63 1764 355 1804 consectatione
378 1764 528 1804 factum
555 1766 627 1814 est,
652 1766 710 1816 ut,
736 1777 992 1816 quaecunque
1017 1765 1066 1803 de
1092 1764 1177 1804 viro
1202 1764 1351 1803 litteris
1379 1766 1420 1804 et
1445 1765 1626 1805 doctrina

64 1823 282 1864 clarissimo
317 1824 402 1863 erui
434 1826 613 1875 possent,
648 1824 846 1875 copiosius
880 1825 1078 1875 explicare
1111 1836 1288 1864 conarer.
1346 1825 1490 1875 Itaque
1520 1838 1626 1865 nunc

62 1883 126 1923 vel
151 1884 321 1922 maxime
345 1884 445 1923 illud
471 1897 533 1923 me
559 1884 746 1935 delectet,
778 1884 812 1923 si
836 1884 1058 1935 contingat,
1091 1885 1137 1923 ut
1163 1884 1313 1935 aliquid
1339 1884 1478 1924 videar
1503 1885 1624 1924 etiam

64 1942 114 1981 ad
144 1943 351 1982 historiam
384 1943 612 1983 litterarum
639 1943 890 1995 Syriacarum
923 1944 1203 1984 illustrandam
1237 1945 1462 1984 contulisse.
1513 1944 1623 1992 Quae

63 2003 317 2042 vehementer
346 2016 502 2055 vereor,
535 2006 580 2043 ut
610 2004 750 2043 merito
783 2004 833 2042 ab
866 2004 1048 2043 omnibus
1078 2004 1161 2043 fere
1193 2004 1462 2044 fastidiantur.
1518 2005 1624 2044 Nam

64 2061 111 2100 de
143 2063 417 2113 pervulganda
448 2065 554 2103 certe
586 2066 626 2102 et
656 2064 915 2114 propaganda
940 2064 1161 2103 eruditione
1187 2063 1339 2103 Graeca
1364 2064 1470 2103 inter
1496 2065 1624 2104 orien-

62 2121 175 2171 tales,
201 2122 317 2162 modo
341 2122 402 2161 fas
428 2123 481 2162 sit
506 2136 735 2173 comparare
761 2135 824 2162 res
849 2123 1086 2163 diversiores
1110 2124 1230 2162 etiam
1251 2136 1371 2174 quam
1391 2124 1623 2177 dissitiores,

63 2193 186 2232 aeque
213 2181 305 2232 Syri
336 2185 568 2222 meruerunt
592 2185 712 2234 atque
737 2183 778 2221 in
804 2183 1006 2223 occidente
1031 2183 1211 2222 Romani.
1266 2183 1406 2234 Neque
1431 2197 1544 2234 vero,
1578 2187 1624 2224 ut

180 2305 215 2353 *)
237 2306 279 2343 Β.
301 2306 342 2343 Ο.
363 2324 407 2338 --
427 2307 664 2345 Bibliotheca
682 2307 876 2345 orientalis
894 2308 1141 2345 Glementino
1144 2308 1331 2345 Vaticana
1356 2308 1395 2344 in
1416 2321 1491 2354 qua
1510 2321 1623 2346 manu

65 2353 220 2399 scriptos
245 2354 391 2391 codices
417 2354 589 2402 Syriacos
615 2356 802 2393 recensuit
827 2356 960 2402 Ioseph
987 2356 1174 2393 Simonius
1199 2355 1435 2394 Assemanus.
1480 2358 1623 2394 Romae

67 2404 357 2486 Uul—2738:
383 2450 421 2488 Ρ.
447 2450 527 2497 Lag
528 2450 625 2487 ardii
647 2451 829 2488 Analecta
855 2451 1017 2498 Syriaca.
1062 2451 1211 2498 Lipsiae
1236 2451 1440 2498 (Londinii)
1470 2456 1574 2488 1858.

182 2496 251 2534 An.
278 2497 312 2534 S
341 2515 386 2528 =
411 2463 602 2534 Anecgdota
628 2499 780 2545 Syriaca
804 2499 960 2546 collegit
985 2499 1105 2536 edidit
1130 2500 1308 2546 explicuit
1332 2500 1359 2535 Ι.
1380 2499 1420 2535 Ρ.
1441 2500 1486 2536 Ν.
1506 2499 1622 2537 Land.

65 2544 236 2592 Lugduni
261 2544 486 2582 Batavorum
516 2550 760 2583 1862—1875.

182 2592 209 2629 Ι.
237 2592 272 2628 S.
299 2610 344 2623 =
369 2593 516 2629 Inedita
542 2594 702 2639 Syriaca.
746 2593 838 2630 Eine
865 2595 1084 2641 Sammlung
1109 2595 1298 2640 Syrischer
1318 2588 1622 2641 Ubersetzungen

65 2651 139 2676 von
171 2639 357 2676 Schriften
388 2640 645 2677 Griechischer
670 2641 979 2678 Profanliteratur
1010 2643 1081 2678 mit
1113 2643 1233 2679 einem
1260 2644 1420 2690 Anhang
1452 2655 1518 2679 aus
1550 2644 1621 2678 den

66 2687 355 2724 Handschriften
380 2689 444 2724 des
472 2688 698 2725 Brittischen
723 2690 911 2726 Museums
937 2690 1242 2736 herausgegeben
1269 2701 1342 2726 von
1368 2691 1433 2728 Ed.
1462 2691 1620 2728 Sachau.

66 2735 352 2866 Wgenzrsl‘goM.
374 2783 415 2819 G.
443 2800 487 2814 =
513 2783 728 2820 Zeitschrift
752 2783 818 2820 der
844 2784 1056 2820 Deutschen
1081 2784 1455 2830 Morgenlandischen
1480 2786 1620 2821 Gesell-

67 2840 105 2865 ⁸⁰
132 2829 232 2913 aftM.
258 2877 329 2914 Rh.
356 2895 400 2908 -—-—
426 2878 668 2914 Rheinisches
694 2878 862 2916 Museum
888 2878 948 2915 fur
973 2879 1193 2926 Philologie.
