1820 3126
614 111 907 150 Lucubrationes
933 111 1137 158 Syro-Grae
1142 122 1216 147 cae.
1611 108 1698 150 493

253 272 310 306 58.
336 267 398 304 Sic
421 266 550 303 Ibnab.
577 244 758 328 [filij-..55
782 265 962 302 Barhebr.

257 378 312 411 59.
338 372 466 409 Verba
489 373 576 409 inde
600 372 648 408 ab
674 349 882 434 &kaft-Ji
908 382 978 407 om.
1004 370 1182 407 Barhebr.

254 442 310 476 60.
335 438 466 484 Neque
498 437 616 483 enim,
654 439 824 482 quamvis
856 438 987 473 contra
1016 435 1118 472 dicat
1143 435 1355 472 Leclercius
1381 435 1548 471 Histoire
1583 437 1628 472 de
1663 436 1701 472 la

141 487 324 524 medicine
349 488 484 523 Arabe.
522 486 638 522 Tome
656 486 684 522 I.
721 486 826 521 Paris
849 488 940 520 1876
965 497 1000 531 p.
1022 488 1086 530 79,
1117 482 1283 519 dubitari
1308 483 1437 529 debet,
1464 483 1556 529 quin
1580 485 1698 520 idem

135 535 199 571 sit
222 535 421 571 Ahronis
451 534 683 580 interpres
715 535 760 569 et
785 532 1048 569 celeberrimus
1072 531 1138 567 illc
1163 531 1506 577 iatrosophista
1531 532 1700 567 Gesius

133 583 311 618 Petraeus
326 582 482 619 Zenonis
501 581 738 628 imperatoris
754 582 970 626 (474-491)
990 581 1116 616 aetate
1137 579 1270 624 clarus,
1291 578 1396 615 cuius
1415 578 1546 623 vitam,
1567 579 1701 615 doctri-

133 642 232 675 nam,
252 631 410 667 honores
430 630 667 666 Damascium
687 628 806 665 secuti
827 628 1022 673 attingunt
1041 627 1142 664 Suid.
1164 639 1189 663 s.
1204 640 1237 663 v.
1258 629 1296 663 et
1313 626 1423 663 Phot.
1442 627 1532 663 bibl.
1546 640 1582 673 p.
1597 629 1699 663 352b

136 678 194 715 ed.
218 678 366 714 Bekker
389 678 502 725 (conf.
524 676 653 723 Steph.
672 677 759 722 Byz.
781 689 807 712 s.
827 689 863 712 v.
890 678 912 712 Γ
914 677 973 719 έας
1000 675 1150 711 Zachar.
1179 675 1356 710 scholast.
1384 675 1430 710 de
1456 675 1545 720 opif.
1572 676 1698 711 mund.

138 738 175 772 p.
192 729 258 762 149
279 727 317 761 et
332 727 481 762 Aeneae
495 724 632 761 Gazaei
657 723 835 770 epistolas
860 725 909 759 ad
927 724 1048 759 virum
1068 724 1175 759 datas
1194 722 1291 767 XIX,
1318 721 1386 757 XX
1405 740 1450 753 =
1470 723 1698 770 Epistologr.

137 774 199 810 ed.
211 773 376 811 Hercher
394 786 431 819 p.
447 776 492 809 30
500 775 553 819 8.).
569 793 613 798 -
628 771 733 808 Gosii
751 771 823 808 viri
835 782 971 808 nomen
985 770 1167 807 Graecum
1179 770 1323 806 nullum
1338 772 1403 806 est.
1443 769 1582 807 Contra
1595 770 1699 807 Gesii

136 832 272 857 nomen
295 820 337 856 in
356 823 496 857 oriente
515 820 664 856 videtur
682 819 855 865 frequens
874 819 998 855 fuisse.
1036 819 1139 856 Conf.
1161 818 1289 865 Steph.
1311 818 1398 863 Byz.
1419 817 1444 853 l.
1458 819 1483 854 1.
1504 821 1575 855 Ios.
1595 818 1699 855 Flav.

137 869 237 905 arch.
257 868 379 905 XVIII
401 873 432 915 1,
452 873 484 905 6.
509 868 578 904 XX
600 872 654 913 11,
676 872 712 913 7;
739 867 826 904 bell.
852 867 932 903 Iud.
953 866 988 902 Π
1009 871 1063 912 14,
1084 871 1123 911 2;
1150 866 1233 902 Dio.
1255 866 1356 903 Cass.
1379 869 1435 911 78,
1456 870 1517 913 30;
1544 867 1696 903 Anthol.

138 929 216 965 Pal.
231 928 300 965 VII
320 931 519 964 681—688.
539 948 584 954 —
604 927 707 963 Idem
733 927 811 963 sine
837 926 951 963 dubio
978 928 1036 962 est
1054 926 1186 963 Gesius
1205 926 1384 963 Petraeus
1409 927 1448 962 et
1470 918 1696 983 WWL>‚

132 1006 240 1040 quem
266 994 517 1040 emendandis,
551 994 775 1040 redigendis,
801 993 954 1029 edendis
981 993 1144 1029 sedecim
1170 992 1318 1039 scriptis
1344 992 1519 1028 Galene'is
1545 1002 1699 1036 operam

132 1042 279 1078 dedisse
312 1042 575 1078 Ibnbotlanum
607 1041 726 1078 secuti
756 1040 1035 1077 Ibnabiozeibia
1058 1040 1090 1088 (I
1113 1052 1149 1086 p.
1170 1043 1256 1085 292)
1274 1042 1330 1082 ,et
1354 1038 1559 1084 El-Kiftius
1586 1038 1697 1083 (conf.

136 1089 448 1135 Steinschneider‚
475 1089 688 1134 Al-Farabi,
709 1088 908 1125 Memoires
928 1090 973 1125 de
992 1088 1212 1124 l'academie
1231 1087 1428 1134 imperiale
1448 1087 1514 1122 des
1534 1087 1698 1122 sciences

133 1138 178 1173 de
199 1137 253 1174 St.
271 1138 522 1184 Petersbourg
540 1137 627 1173 V110
646 1137 759 1173 Serie.
798 1137 914 1173 Tome
932 1137 1022 1172 XIII
1039 1136 1110 1173 No.
1129 1141 1152 1172 4
1177 1149 1213 1182 p.
1235 1140 1304 1171 220
1326 1148 1352 1173 s.
1375 1147 1422 1181 s.;
1447 1138 1518 1171 465
1539 1136 1583 1180 s.)
1610 1134 1697 1170 scri-

133 1186 236 1222 bunt.
276 1185 379 1221 Canf.
401 1185 764 1221 Steinschneiderum
784 1184 811 1219 1.
829 1185 854 1221 l.
875 1198 912 1231 p.
934 1189 1020 1231 1663
1047 1184 1277 1220 Leclercium
1296 1196 1332 1229 p.
1349 1188 1403 1219 79.
1441 1182 1497 1218 De
1518 1194 1534 1218 ε
1555 1182 1696 1218 Graeco

134 1245 202 1279 per
220 1244 244 1268 a
262 1233 485 1280 productum
502 1232 701 1269 Arabicum
722 1243 896 1279 egpresso
916 1233 1012 1268 conf.
1026 1232 1172 1276 Msiller,
1199 1232 1269 1268 Die
1289 1231 1554 1267 Griechischen
1572 1229 1697 1265 Philo—

133 1281 275 1327 sophen
305 1281 344 1316 in
375 1281 441 1316 der
471 1280 703 1317 Arabischen
733 1279 1031 1326 Uberlieferung.
1081 1279 1191 1316 Hane
1214 1284 1305 1316 1873
1330 1292 1366 1326 p.
1388 1283 1444 1315 58.
1494 1278 1611 1324 Atqui
1636 1289 1698 1313 ex-

134 1328 275 1364 stitisse
300 1327 403 1365 Gesii
434 1328 752 1374 scripta-Syriaca
781 1330 946 1373 constat,
979 1339 1137 1374 quorum
1168 1328 1208 1363 et
1238 1328 1444 1363 sententias
1469 1338 1547 1381 non
1572 1325 1695 1361 nullas

132 1375 1184 1470 ᾏἚέἕξῖἒᾱῖῗῦἓὲῃὲἒιξὲῗξὲ..ἓξᾞέὲἒῖὲὲῐὲἰῖῗῖἔ
1201 1376 1372 1459 ..3.ιέἰὲ
1390 1376 1559 1458 ἶῶῑῗὲὲῗ
1583 1383 1712 1467 ἂῖἶῗ

136 1471 254 1507 Catal.
281 1473 361 1508 cod.
387 1485 455 1509 ms.
476 1471 555 1518 Syr.
575 1483 669 1507 mus.
688 1471 781 1508 Brit.
801 1484 837 1518 p.
859 1475 944 1515 1613
972 1475 1080 1515 1021;
1109 1471 1413 1507 Steinschneider
1431 1470 1469 1506 in
1489 1468 1696 1506 Deutsches

132 1518 271 1555 Archiv
295 1521 358 1555 fiir
381 1520 603 1556 Geschichte
629 1520 694 1555 der
713 1520 876 1556 Medicin
900 1520 977 1555 und
1002 1519 1294 1555 medicinischen
1314 1517 1559 1565 Geographie.
1585 1517 1659 1553 vol.
1678 1516 1696 1550 I

135 1577 171 1611 p.
191 1569 288 1613 444).
315 1588 358 1593 -
384 1567 533 1604 Erravit
563 1567 679 1614 igit-ur
708 1567 1015 1612 Ibnennadimus,
1050 1566 1115 1613 qui
1144 1567 1334 1603 Ahronem
1365 1566 1532 1603 floruisse
1564 1563 1698 1601 scribit

130 1638 271 1718 3523„st
292 1664 409 1720 »Μ
436 1659 505 1723 3
530 1661 658 1708 (Kitab
685 1660 879 1697 el-Fihrisfi
903 1662 961 1697 ed.
986 1661 1122 1708 Fuigel
1146 1674 1180 1707 p.
1203 1662 1297 1707 297).

250 1731 306 1763 61.
331 1727 434 1763 Tum.
454 1737 471 1763 Ι
496 1740 532 1774 p.
551 1731 621 1763 200
648 1727 703 1763 ed.
723 1727 889 1772 Vignoli.

250 1778 305 1810 62.
331 1775 435 1810 Tom.
456 1774 508 1810 IV
532 1788 567 1821 p.
589 1779 634 1811 69
660 1776 716 1811 ed.
743 1774 952 1811 Bianchini.

251 1826 306 1858 63.
334 1821 433 1865 Quas
463 1822 549 1859 vide
581 1823 632 1858 sis
665 1822 765 1869 apud
789 1822 974 1859 Mansium
1000 1822 1099 1858 Sacr.
1133 1822 1263 1859 concil.
1290 1834 1376 1858 nov.
1402 1823 1442 1857 et
1465 1821 1579 1867 ampl.
1607 1820 1692 1857 coll.

51 1889 57 1894 -
128 1869 230 1905 Tom.
251 1869 337 1905 VIII
362 1882 397 1916 p.
419 1874 488 1906 850
508 1882 535 1906 s.
557 1883 584 1906 s.
614 1871 791 1916 („Datum
823 1870 946 1907 idibus
978 1870 1186 1907 Octobris.“
1211 1870 1235 1907 l.
1262 1871 1286 1907 l.
1312 1882 1348 1916 p.
1370 1871 1465 1915 853).
1518 1870 1574 1905 Ne
1608 1881 1692 1905 con-

126 1916 252 1999 giliutm
284 1918 434 2001 quiffem
467 1917 611 1954 itineris
639 1917 1044 1965 Constantinopolitani
1068 1920 1107 1954 in
1133 1929 1178 1954 ea
1203 1917 1365 1964 epistola
1391 1917 1610 1964 imperatori
1634 1917 1691 1952 in-

152 1964 211 2000 ica
251 1964 356 2011 pont'
375 1977 428 2003 ex.

246 2015 302 2048 64.
328 2012 407 2049 Lib.
433 2014 565 2060 pontif.
591 2014 615 2050 l.
642 2015 666 2050 l.
692 2027 727 2060 p.
749 2018 829 2050 202.

243 2064 299 2096 65.
325 2060 476 2098 Scilicet
507 2064 597 2097 tom.
622 2061 674 2097 IV
705 2075 741 2108 p.
768 2067 812 2099 69
851 2062 908 2098 ed.
935 2061 1134 2098 Bianchini
1170 2061 1311 2097 sedisse
1344 2061 1463 2097 fertur
1496 2062 1689 2106 Agapetus

127 2117 272 2144 menses
303 2109 474 2144 undecim
506 2109 585 2145 dies
611 2111 714 2154 octo,
746 2110 812 2156 qni
836 2110 1079 2156 computandi
1105 2114 1191 2145 sunt
1216 2110 1262 2146 ab
1288 2121 1320 2145 a.
1348 2110 1383 2144 d.
1410 2109 1462 2144 III
1487 2109 1583 2145 Non.
1609 2109 1688 2144 Iun.

125 2155 212 2191 anni
226 2159 306 2192 535.
346 2154 448 2192 Conf.
467 2156 574 2202 Jaffls,
595 2157 760 2203 Regesta
778 2158 998 2203 pontificum
1011 2158 1263 2193 Romanorum
1277 2157 1443 2193 Berolini
1458 2161 1562 2192 1851.
1583 2169 1618 2202 p.
1635 2160 1690 2192 74.

243 2208 299 2240 66.
325 2204 406 2240 Lib.
432 2205 564 2251 pontif.
590 2205 615 2241 l.
641 2206 666 2240 l.
692 2218 727 2251 p.
748 2209 829 2251 204,

245 2256 300 2287 67.
328 2250 497 2289 Chronic.
524 2252 654 2289 eccles.
674 2253 691 2287 I
715 2266 750 2299 p.
771 2257 851 2290 209.

247 2303 301 2335 68.
331 2299 613 2342 Confi-Iaffeum
638 2301 662 2336 1.
690 2301 714 2336 l.

244 2351 300 2384 69.
328 2346 432 2384 Conf.
457 2348 665 2384 Abulfedae
691 2348 823 2393 Geogr.
859 2350 914 2385 ed.
942 2349 1070 2389 Schier
1095 2348 1259 2385 Dresdae
1287 2352 1377 2385 1841
1404 2361 1440 2394 p.
1465 2352 1549 2390 1063
1582 2349 1691 2384 Asse-

127 2393 227 2432 mani
247 2395 393 2431 dissert.
415 2396 460 2431 de
474 2396 648 2441 monoph.
662 2407 698 2441 p.
709 2400 747 2439 9;
773 2396 906 2442 Ritter,
926 2397 1128 2433 Erdkunde
1142 2396 1181 2431 P.
1196 2397 1247 2432 XI
1267 2397 1436 2433 tom.VII
1450 2401 1470 2432 2
1486 2409 1521 2442 p.
1535 2400 1604 2432 375
1619 2408 1645 2433 s.
1662 2409 1688 2432 S.

244 2445 298 2479 70.
324 2442 418 2478 Illuc
450 2443 548 2479 enim
582 2445 730 2489 spectat
759 2446 838 2480 tam
869 2445 1079 2490 universus,
1116 2445 1183 2490 qui
1215 2446 1271 2480 est
1302 2445 1348 2480 de
1379 2444 1546 2489 Ahrone,
1586 2444 1689 2479 locus

126 2516 236 2552 quam
255 2507 350 2543 illud
374 2501 455 2554 „ko
476 2500 516 2544 Lo
539 2501 633 2570 0„st
659 2508 675 2543 I
694 2521 730 2555 p.
746 2513 814 2545 109
834 2511 890 2546 ed.
904 2510 1047 2555 Miiller,
1069 2510 1168 2556 quod
1188 2521 1234 2545 ne
1255 2521 1338 2545 cum
1360 2508 1686 2545 Steinschneidero

127 2612 339 2659 (Al—Farabi
363 2627 399 2661 p.
421 2615 505 2659 166)
536 2614 738 2650 referamus
770 2615 817 2651 ad
847 2594 916 2674 ³535
933 2619 1025 2670 ρ,
1052 2616 1251 2652 collocatio
1278 2615 1476 2650 verborum
1503 2614 1639 2650 obstat.

242 2684 297 2717 71.
325 2680 428 2716 Idem
448 2682 506 2715 est
524 2679 598 2715 nisi
616 2680 738 2724 fallor,
758 2691 868 2726 quem
888 2685 910 2717 1.
926 2682 949 2717 l.
964 2694 999 2727 p.
1017 2685 1084 2717 124
1097 2680 1288 2717 vacavisse
1303 2680 1474 2725 perhibet
1488 2680 1687 2727 Georgio

125 2726 357 2764 Gabrielis
389 2727 498 2763 filio
524 2726 688 2763 Mansuri
720 2727 879 2764 chalifae
911 2729 1071 2773 aequali.
1121 2728 1252 2772 Neque
1279 2727 1378 2763 enim
1405 2727 1577 2775 Masirgssis
1604 2739 1688 2763 eun-

124 2774 207 2810 dem
239 2786 320 2812 esse
352 2776 466 2821 atque
497 2775 676 2811 Iudaeum
706 2774 815 2810 illum
845 2775 1031 2812 medicum
1064 2787 1083 2811 e
1108 2775 1238 2811 Persia
1269 2778 1391 2810 ortum
1418 2775 1687 2823 Masirg'oja,

125 2833 232 2867 qnem
259 2834 420 2860 errorem
441 2823 515 2858 iam
535 2822 816 2858 Ibnabiozeibia
833 2823 851 2858 Ι
866 2827 930 2859 163
953 2823 1116 2866 admisit,
1143 2834 1262 2868 neque
1283 2823 1448 2859 Arabum
1468 2827 1687 2869 perplexam

125 2870 235 2914 atque
271 2871 491 2916 impeditam
530 2871 792 2906 auctoritatem
831 2870 932 2907 claro
970 2874 1009 2907 et
1034 2872 1171 2906 diserto
1198 2870 1431 2906 Barbebraei
1468 2870 1685 2907 testimonio

124 2917 405 2962 praeferendam
430 2929 510 2954 esse
536 2918 626 2954 satis
651 2917 743 2953 mihi
760 2920 1023 2965 persuaserunt
1044 2918 1390 2955 Steinschneiderus
1411 2918 1463 2964 (in
1483 2918 1687 2954 Virchowii

484 3048 542 3126 ‘x
