1820 3126
523 148 815 187 Lucubrationes
841 147 1125 195 Syro-Graecae.
1513 146 1601 188 403

165 264 211 305 G.
231 264 268 304 S.
294 263 391 302 XIII
413 264 467 303 43
494 259 560 314 (G.
582 262 625 302 G.
652 262 748 301 XVI
770 263 835 312 19,
863 263 932 301 ubi
955 262 1175 313 premenda
1200 264 1293 301 sunt
1317 260 1440 301 verba
1466 257 1606 312 τούτῳ

49 323 96 365 δὲ
122 324 248 376 χρήζῃ
272 321 340 362 καὶ
365 320 472 372 πρὸ(
500 317 640 376 βοῦν);
667 334 784 362 curae
810 322 932 360 boum
957 320 984 372 ἓ
1013 324 1066 361 12
1095 322 1346 371 „hirudinem
1371 342 1427 348 —
1454 317 1606 359 eicies“.

166 384 250 423 Hac
269 395 424 434 quoque
442 383 654 422 collatione
672 382 860 420 instituta
880 394 923 421 se
943 382 1059 420 offert
1078 382 1207 432 nobis,
1232 394 1334 431 quae
1354 380 1427 419 sub
1447 379 1608 419 nomine

47 443 263 484 Democriti
280 442 536 492 prodebatur,
556 441 738 481 doctrina
755 441 855 479 Boli.
896 440 1006 487 Quae
1027 442 1132 480 enim
1152 442 1343 491 leguntur
1363 439 1407 479 G.
1430 439 1468 478 S.
1488 438 1566 477 XII
1582 441 1604 478 7

49 501 119 554 (G.
137 502 183 542 G.
209 501 324 540 XVII
348 503 372 540 6
400 500 426 551 ξ
455 504 476 540 1
506 503 547 540 et
573 497 631 554 2),
656 501 763 551 apud
788 501 1008 541 Varronem
1034 501 1075 539 H
1097 503 1120 540 5
1148 499 1174 550 ἓ
1198 503 1250 540 13
1279 503 1321 539 et
1345 498 1607 538 Columellam

45 563 103 602 VI
131 563 184 601 24
210 559 236 611 ξ
264 563 308 613 3;
335 562 390 600 28
417 559 443 610 ἓ
470 562 513 611 2,
547 573 595 600 ea
617 562 704 611 ipse
730 560 954 600 Columella
979 561 1038 599 VI
1065 562 1118 599 28
1147 559 1173 610 ἓ
1202 562 1226 599 2
1259 560 1309 598 ad
1334 559 1607 598 Democritum

45 622 177 662 refert.
227 619 612 670 Circumspiciendus
642 620 768 671 igitur
793 623 856 659 est
885 621 975 660 fons
1005 621 1168 671 aliquis,
1202 619 1306 658 unde
1337 621 1496 670 praeter
1527 619 1608 657 alia

45 683 254 732 praecepta
279 681 460 720 doctrina
478 680 704 720 Democrito
730 680 832 719 falso
858 681 1010 719 tributa
1034 692 1269 730 permanare
1289 679 1466 729 potuerit
1491 681 1532 717 et
1558 678 1607 717 ad

46 740 265 780 Varronem
291 742 331 779 et
356 739 407 778 ad
433 739 696 779 Columellam
723 743 764 778 et
788 740 838 778 ad
864 739 1088 790 Gargilium
1114 740 1340 778 Martialem
1367 741 1408 778 et
1434 738 1484 777 ad
1504 739 1607 776 Ana-

44 800 196 840 tolium.
239 799 275 838 Ii
301 812 395 839 vero
420 800 497 838 nisi
523 800 670 851 viginti
689 799 782 838 libri
802 811 888 839 esse
913 802 1130 851 nequeunt,
1157 812 1255 850 quos
1275 798 1472 838 Cassius
1492 798 1606 837 Dio-

43 860 210 911 nysius
236 859 435 898 Uticensis
461 872 482 898 e
508 859 621 899 libris
646 859 828 909 Magonis
857 859 1016 898 Punicis
1044 859 1195 899 Graece
1220 859 1346 899 versis
1382 860 1423 897 et
1445 858 1606 908 potissi-

44 933 213 970 morum,
245 919 314 970 qui
346 922 438 958 ante
463 919 592 969 ipsum
624 920 673 958 de
699 931 887 970 agrorum
911 920 1071 959 cultura
1097 920 1332 970 extiterant,
1365 918 1606 972 scriptorum

44 978 286 1019 Graecorum
318 978 585 1018 voluminibus
611 979 807 1019 conflavit.
857 978 944 1017 Illis
970 982 1165 1030 quantum
1190 978 1338 1028 Varro,
1371 978 1440 1028 qui
1465 979 1608 1028 quater

4 1088 7 1090 q
43 1039 189 1078 diserte
210 1038 388 1078 Cassium
415 1039 564 1088 laudat,
590 1039 745 1089 debeat,
773 1039 889 1078 facile
916 1039 1072 1088 sentiet,
1099 1040 1133 1078 si
1158 1039 1246 1089 quis
1272 1040 1427 1077 attente
1451 1038 1608 1088 legerit,

5 1103 7 1107 ’
42 1110 160 1149 quam
192 1111 288 1149 prae
319 1098 500 1150 reliquis,
526 1111 625 1148 quos
650 1100 874 1148 enumerat,
900 1099 960 1138 rei
984 1099 1158 1138 rusticae
1184 1098 1443 1148 scriptoribus
1469 1098 1608 1148 Mago-

41 1171 142 1206 nem,
168 1157 362 1206 Cassium,
386 1158 634 1208 Diophanem
659 1159 840 1211 denique,
866 1159 935 1209 qui
961 1157 1088 1198 Cassii
1108 1158 1291 1209 Dionysii
1314 1158 1438 1196 libros
1457 1157 1531 1195 XX
1557 1158 1607 1196 ad

0 1240 2 1242 ν
43 1230 110 1257 sex
141 1218 314 1269 redegit,
350 1218 535 1258 laudibus
569 1219 719 1258 efferat.
774 1218 947 1258 Eosdem
979 1232 1068 1258 cum
1098 1219 1247 1268 passim
1279 1217 1462 1256 adhibuit
1493 1216 1607 1257 Colu-

42 1277 178 1325 mella,
213 1279 298 1316 tum
325 1278 535 1328 praecipue
560 1278 602 1317 in
626 1278 730 1317 libro
756 1278 824 1328 VI,
851 1278 962 1317 cuius
989 1279 1184 1317 maximus
1212 1279 1274 1317 est
1303 1291 1393 1316 eum
1418 1277 1606 1316 Anatolio

0 1333 3 1383 ἶ
42 1338 270 1388 concentus,
303 1350 343 1376 se
376 1340 556 1377 secutum
589 1350 676 1378 esse
708 1333 996 1391 significat.²42)
1048 1338 1251 1390 Gargilius
1282 1350 1376 1377 vero
1408 1337 1606 1377 Martialis

0 1411 5 1447 ᾗ
44 1397 78 1436 si
101 1409 181 1436 non
204 1397 381 1449 integros
407 1397 587 1448 Dionysii
611 1398 752 1447 libros,
786 1399 892 1437 certe
919 1400 1134 1448 epitomam
1158 1397 1378 1448 Diophanis
1411 1397 1606 1449 adhibuit,

0 1450 5 1494 f.
42 1468 161 1507 quam
191 1452 420 1510 laudatflffl)
477 1457 772 1497 Democriteam
798 1460 931 1497 autem
958 1471 982 1496 a
1008 1457 1143 1497 Cassio
1175 1457 1369 1508 Dionysio
1403 1458 1606 1496 doctrinae

0 1550 2 1553 ,
43 1516 224 1567 Magonis
250 1517 465 1556 admixtam
491 1530 578 1556 esse
603 1518 686 1556 tam
713 1519 798 1556 loco
820 1516 1065 1557 Columellae
1090 1517 1127 1555 X
1148 1519 1174 1556 4
1201 1516 1226 1567 ξ
1250 1513 1386 1569 16244)
1412 1530 1532 1567 quam
1558 1530 1603 1556 eo

41 1577 167 1627 patet,
192 1577 295 1626 quod
314 1576 587 1615 Democritum
607 1577 836 1627 Diophanes
855 1578 1015 1617 videtur
1033 1577 1197 1616 laudare
1218 1577 1264 1616 G.
1286 1576 1332 1616 G.
1351 1577 1388 1615 X
1409 1578 1462 1616 29
1483 1575 1509 1626 ξ
1530 1578 1557 1616 4
1573 1590 1603 1616 s.

42 1635 260 1674 Medicinae
295 1637 557 1676 veterinariae
595 1637 763 1687 denique
801 1638 999 1687 copiosam
1032 1637 1155 1676 fuisse
1186 1638 1227 1675 in
1260 1649 1378 1687 opere
1413 1635 1604 1676 Cassiano

42 1695 325 1745 expositionem
343 1698 389 1734 ut
407 1696 534 1735 Varro
555 1697 754 1748 significat
762 1691 845 1751 ²⁴⁵),
865 1698 923 1736 ita
942 1697 1059 1748 Mago
1080 1699 1122 1736 et
1133 1697 1362 1747 Diophanes
1384 1697 1426 1735 in
1441 1696 1606 1747 Hippia-

41 1755 151 1794 tricis
176 1750 407 1808 laudati246)
426 1756 607 1806 probant.
628 1778 686 1784 —
707 1756 785 1796 Sed
809 1770 858 1795 ne
877 1757 1117 1808 Dionysium
1142 1757 1302 1807 quidem
1327 1757 1459 1806 ipsum
1483 1758 1602 1807 puta-

42 1815 167 1853 verim
191 1814 234 1853 in
258 1815 440 1854 manibus
465 1816 646 1855 Anatolii
670 1817 805 1856 fuisse.
857 1817 997 1868 Neque
1029 1817 1135 1856 enim
1166 1817 1250 1856 veri
1277 1817 1407 1855 simile
1440 1819 1502 1855 est
1531 1830 1604 1867 per

43 1874 133 1923 plus
158 1876 355 1914 trecentos
382 1887 523 1922 annos,
548 1878 763 1927 postquam
787 1876 1008 1927 Diophanis
1034 1876 1224 1926 epitoma,
1257 1877 1368 1916 cuius
1395 1877 1606 1916 commodi-

42 1935 166 1972 tatem
199 1935 279 1972 iam
311 1935 440 1973 Varro
471 1931 767 1989 praedicat247),
802 1937 962 1975 condita
994 1940 1073 1985 est,
1107 1937 1230 1976 libros
1263 1935 1390 1975 Cassii
1421 1936 1604 1987 Dionysii

42 1993 248 2033 duravisse
283 2007 411 2044 neque
442 1995 549 2034 inter
583 1999 767 2035 auctores
801 1997 1029 2047 eclogarum
1063 1995 1245 2035 Cassium
1277 1996 1444 2035 Photius
1479 1996 1603 2047 ponit,

0 2099 2 2101 Ι
42 2065 283 2104 quamquam
305 2053 482 2093 dubitari
500 2067 579 2094 non
597 2055 727 2106 debet,
752 2057 848 2107 quin
867 2069 967 2107 opus
987 2057 1035 2096 de
1054 2069 1096 2095 re
1116 2056 1267 2095 rustica
1284 2056 1402 2106 longe
1422 2057 1604 2106 princeps

42 2112 264 2164 Anatolius,
290 2114 323 2152 si
348 2114 552 2164 cognitum
576 2115 795 2167 habuisset,
821 2116 939 2155 etiam
967 2116 1094 2155 multo
1119 2116 1370 2167 frequentius
1395 2116 1437 2154 in
1456 2116 1604 2166 eclogis

0 2179 3 2181 “
42 2173 199 2212 rusticis
243 2185 362 2223 quam
399 2176 440 2212 in
477 2175 676 2214 volumine
713 2176 926 2215 maximam
963 2179 1119 2226 partem
1157 2177 1308 2215 medico
1348 2175 1602 2215 adhibiturus

42 2231 175 2271 fuerit.
233 2233 415 2285 Accedit,
453 2236 516 2285 ut,
554 2248 642 2274 cum
673 2238 861 2275 neutrum
891 2237 977 2286 ipse
1009 2235 1170 2287 legerit,
1208 2248 1401 2286 perquam
1433 2236 1486 2275 sit
1517 2237 1603 2275 veri

0 2310 3 2318 .
44 2291 170 2331 simile
207 2292 439 2332 Anatolium
476 2307 523 2333 ex
560 2295 696 2334 eodem
733 2296 843 2335 fonte
880 2296 1025 2336 Bolum
1069 2298 1110 2335 et
1147 2295 1353 2335 Sotionem
1397 2295 1602 2346 cognitum

0 2373 5 2400 2
43 2351 240 2391 habuisse.
300 2352 501 2392 Sotionem
532 2367 626 2393 vero
656 2367 729 2404 pro
755 2356 911 2395 ratione
941 2358 1167 2406 temporum
1194 2354 1354 2394 Cassius
1380 2355 1602 2406 Dionysius

0 2411 5 2449 ἶ,
43 2410 270 2451 adhibuisse
294 2425 372 2450 non
397 2416 565 2463 poterat.
575 2408 647 2466 ²4⁸)
675 2436 731 2441 —
756 2415 882 2466 Atqui
906 2415 1139 2455 Anatolium
1163 2415 1344 2454 videmus
1370 2415 1602 2467 Democriti,

43 2482 144 2520 quae
174 2471 421 2523 ferebantur,
459 2473 608 2523 scripta
637 2487 710 2524 per
740 2475 838 2514 duos
870 2476 1050 2515 auctores
1086 2475 1247 2526 cognita
1276 2475 1480 2523 habuisse,
1515 2476 1603 2526 qui-

43 2528 117 2569 bus
148 2530 286 2570 Sotion
316 2534 448 2571 aetate
479 2533 658 2582 superior
687 2534 812 2574 fuisse
841 2535 976 2585 putari
1009 2537 1160 2586 potest,
1199 2534 1393 2573 Sextum
1424 2534 1602 2574 Iulium

0 2598 6 2643 ξ
44 2588 323 2638 Africanum
356 2594 398 2630 et
422 2592 690 2642 Apuleium.
751 2594 812 2632 Ex
841 2595 1037 2634 alterutro
1063 2595 1244 2634 doctrina
1268 2594 1376 2643 Boli,
1406 2594 1601 2645 Magonis,

44 2648 228 2700 Dionysii
252 2650 302 2689 ad
321 2651 553 2690 Anatolium
578 2664 703 2702 usque
722 2654 914 2703 pervenit.
936 2675 991 2681 ·—
1011 2654 1270 2705 Apuleium
1294 2653 1470 2692 medium
1494 2655 1601 2694 inter

0 2760 3 2767 .
44 2708 278 2760 Dionysium
296 2711 338 2749 et
356 2710 589 2750 Anatolium
613 2712 885 2753 intercessisse
909 2727 959 2753 ne
985 2717 1185 2765 putemus,
1210 2713 1469 2763 gravissimae
1496 2714 1603 2752 diffi-

0 2799 5 2822 3
45 2768 212 2808 cultates
231 2770 403 2809 obstant.
440 2770 620 2809 Primum
638 2771 716 2811 nisi
735 2785 782 2811 ex
794 2772 924 2813 Plinio
938 2774 1158 2824 Apuleium
1171 2772 1296 2811 libros
1310 2772 1402 2812 Boli
1421 2774 1601 2824 cognitos

0 2837 2 2840 ·
44 2826 229 2868 habuisse
260 2829 524 2869 demonstrari
554 2843 634 2869 non
658 2827 882 2885 potest.²⁴9)
946 2833 1125 2872 Anatolii
1150 2844 1246 2871 vero
1271 2831 1320 2870 de
1345 2833 1602 2882 generatione

0 2898 7 2931 ,ζ
46 2888 88 2925 et
110 2888 303 2927 medicina
322 2890 552 2928 animalium
576 2891 723 2929 librum
747 2891 852 2931 inter
877 2895 918 2931 et
938 2893 1172 2941 Varronem,
1198 2890 1474 2943 Columellam,
1499 2892 1601 2932 Gar-

45 2946 185 2997 gilium
214 2947 441 2989 Martialem
471 2949 710 2989 conveniunt
746 2951 884 3002 etiam,
922 2964 1024 3002 quae
1062 2964 1086 2990 a
1117 2950 1247 2990 Plinio
1278 2964 1441 3000 prorsus
1471 2952 1602 2991 aliena

1246 3015 1319 3051 26*
