1820 3126
574 162 867 199 Lucubrationee
893 162 1180 210 Syro-Graecae.
1566 163 1654 205 449

92 278 178 317 loco
210 289 280 317 suo
305 275 506 316 demotum
534 276 693 316 videtur
718 276 780 315 hic
805 276 1096 327 transpositum
1124 290 1210 316 esse
1235 279 1276 317 et
1289 277 1505 347 ‘antiquam
1532 277 1650 327 scrip-

91 340 223 376 turam
247 335 407 376 eiecisse
417 330 500 387 ⁵⁷⁵),

207 394 394 435 XXXVII
413 396 438 435 3
464 395 545 435 lbb.
569 395 656 435 Grr.
682 391 817 436 αἰτία(
855 394 881 433 S
907 391 1122 445 ἁμαρτίας,
1150 396 1219 434 ubi
1244 396 1328 436 veri
1355 396 1485 435 simile
1511 398 1584 444 est,
1610 396 1652 434 ni

91 457 226 505 fallor,
254 450 387 494 αἰτία(
418 455 554 505 paucis
579 455 727 494 litteris
752 457 824 494 aut
848 456 1103 506 neglegentia
1130 456 1284 495 omissis
1310 458 1381 495 aut
1406 455 1649 495 oblitteratis

92 516 319 566 corruptum
345 526 430 554 esse
456 527 503 554 ex
529 509 816 568 duupTiotc.⁵⁷⁶)

209 573 276 624 At,
300 573 368 624 qui
392 576 552 624 praeter
577 587 643 614 eos
669 575 840 614 fortasse
861 575 938 614 huc
957 575 1155 614 referendi
1176 575 1256 614 sint
1274 575 1362 624 loci,
1387 587 1436 614 ne
1457 575 1651 626 suspicari

92 634 246 686 quidem
277 633 415 673 audeo.
471 633 730 684 Summopere
761 634 866 674 enim
898 634 1117 675 cavendum
1152 637 1230 684 est,
1261 647 1329 683 ne,
1361 635 1456 674 dum
1481 636 1651 674 alteram

94 693 358 734 recensionem
391 693 606 733 secundum
637 695 805 733 alteram
838 695 1047 733 emendare
1079 694 1302 743 studemus,
1334 695 1545 746 utriusque
1569 708 1652 734 me-

91 753 255 792 moriam
280 753 450 803 pessime
475 754 770 794 confundamus.
824 754 924 793 Eam
949 754 1087 804 igitur,
1111 766 1229 804 quam
1256 754 1297 792 111
1322 755 1395 794 hoc
1420 755 1506 794 loco
1532 755 1652 806 signi-

89 812 254 852 ficabam
290 812 418 864 magis
453 826 573 863 quam
607 814 894 864 proponebam,
933 814 1206 864 quaestionem
1238 813 1328 853 aliis
1359 814 1651 854 diiudicandam

91 871 331 923 relinquam,
362 872 397 911 si
423 873 566 924 quibus
592 873 663 912 illa
686 875 893 924 tamquam
918 874 1109 924 Delphico
1134 874 1294 913 oraculo
1320 874 1508 914 instincta
1532 874 1651 914 Bent-

89 932 255 971 leiorum
275 935 346 971 aut
358 931 675 971 Hermannorum
695 934 890 984 sagacitas
909 934 1042 973 fuerit.
1079 934 1276 984 Equidem
1296 934 1394 972 satis
1415 934 1540 973 habeo
1561 948 1651 974 con-

18 967 29 1046 ⁵⁴
93 991 250 1030 firmare
280 1004 331 1030 ne
361 991 623 1043 archetypum
649 993 807 1043 quidem
832 996 1060 1033 nostrorum
1084 993 1277 1032 librorum
1303 1007 1375 1044 pro
1400 994 1518 1044 plane
1543 997 1651 1034 certo

94 1052 164 1090 ant
187 1051 345 1102 integro
371 1051 543 1091 Graecae
569 1052 807 1092 recensionis
832 1054 937 1092 teste
963 1053 1100 1092 haberi
1126 1066 1260 1103 posse,
1285 1054 1406 1092 immo
1432 1053 1650 1103 scripturas

88 1123 167 1150 non
190 1111 322 1150 nullas
348 1110 398 1150 ab
424 1111 538 1151 initio
563 1112 724 1162 utrique
750 1113 969 1152 recensioni
994 1113 1175 1163 proprias
1201 1113 1243 1151 in
1268 1113 1500 1164 apographo
1521 1113 1650 1163 Sergii

0 1167 5 1205 J
22 1206 30 1218 ,
88 1172 278 1221 servatas,
303 1171 344 1209 in
369 1171 552 1210 omnibus
578 1172 744 1211 alterius
769 1173 1009 1212 recensionis
1034 1172 1148 1212 libris
1175 1172 1413 1222 depravatas
1440 1186 1536 1212 esse.

205 1229 442 1270 Examinata
472 1231 655 1271 versione
682 1231 846 1283 Syriaca
873 1235 919 1271 ut
943 1233 1017 1271 hac
1043 1246 1090 1271 ex
1116 1234 1231 1282 parte
1255 1233 1496 1272 intricantur
1520 1234 1648 1284 magis

85 1289 219 1329 iudicii
243 1289 500 1329 difficultates
527 1303 647 1341 quam
671 1284 969 1344 submoventur,
994 1293 1052 1331 ita
1070 1292 1119 1330 iis
1138 1294 1244 1331 certe
1263 1293 1371 1344 locis,
1398 1293 1479 1331 ubi
1506 1292 1648 1332 Grae-

85 1361 165 1388 cae
188 1349 486 1389 recensionis
512 1352 668 1390 testes
693 1351 822 1390 inter
848 1364 895 1391 se
921 1352 1220 1402 discrepant,
1245 1365 1348 1391 nova
1374 1353 1569 1402 quaedam
1595 1356 1648 1404 et,

84 1409 242 1461 opinor,
274 1410 495 1448 clarissima
519 1410 588 1448 lux
613 1410 842 1451 affunditur.
893 1411 1072 1462 Apparet
1098 1413 1220 1463 enim,
1246 1424 1334 1450 011111
1361 1411 1484 1451 libros
1511 1425 1646 1452 omnes

24 1514 26 1519 λ
85 1468 268 1518 Graecos,
289 1469 357 1519 qui
375 1471 548 1508 aetatem
567 1470 760 1522 tulerunt,
779 1471 956 1510 recensio
972 1471 1164 1522 Sergiana
1183 1473 1315 1510 aetate
1334 1472 1455 1522 longe
1474 1476 1647 1523 superet,

84 1528 399 1578 discrepantibus
426 1529 625 1568 codicibus
651 1543 772 1569 manu
798 1531 956 1581 scriptis
983 1544 1071 1569 eam
1096 1531 1180 1570 fere
1207 1531 1444 1581 scripturam
1470 1544 1648 1582 compro-

21 1638 23 1642 ,
84 1588 254 1627 bandam
293 1601 398 1639 0880,
435 1601 536 1638 quae
568 1590 807 1629 auctoritate
840 1590 1030 1630 versionis
1063 1590 1249 1642 Syriacae
1279 1591 1542 1630 confirmetur.
1598 1592 1646 1631 In

0 1658 22 1671 ³*
85 1647 311 1687 universum
343 1649 464 1699 enim,
497 1648 531 1687 si
562 1661 662 1699 quae
689 1651 730 1688 et
753 1650 870 1689 unico
898 1650 1111 1702 Sergianae
1139 1653 1179 1689 et
1203 1663 1283 1689 uno
1311 1649 1485 1689 Graecae
1510 1664 1641 1690 recen-

0 1711 5 1755 j
25 1724 27 1727 ’
84 1706 205 1746 8101118
219 1709 323 1746 teste
337 1707 593 1747 confirmatur
606 1709 812 1759 scriptura,
828 1709 970 1748 camin
983 1712 1153 1760 utraque
1167 1710 1403 1749 coniciamus
1418 1713 1646 1750 recensione

18 1793 25 1807 2
84 1766 306 1817 antiquitus
337 1767 526 1806 traditam
560 1780 645 1807 esse
676 1781 838 1809 11000880
863 1771 934 1808 est.
987 1769 1052 1808 An
1076 1770 1179 1809 forte
1203 1770 1355 1809 factum
1382 1782 1468 1809 esse
1495 1772 1645 1809 statua-

1 2518 35 2599 ¹1}ssss

11 2678 29 2695 ψ

31 2702 37 2712 ί

82 2361 294 2412 vulgatae,

0 1832 27 1854 ’-
83 1838 184 1876 111118,
210 1828 266 1876 ut,
292 1839 394 1877 quae
418 1827 584 1866 alterius
607 1829 848 1868 recensionis
868 1829 1090 1880 antiquitus
1109 1831 1272 1880 propria
1291 1833 1435 1878 essent,
1461 1830 1644 1880 plurimis

83 1885 179 1924 10018
213 1886 332 1925 etiam
363 1886 405 1924 in
435 1887 600 1926 alterius
631 1889 873 1928 recensionis
904 1889 1036 1941 libris,
1066 1889 1135 1927 ubi
1168 1890 1248 1928 alia
1280 1890 1330 1929 ab
1355 1889 1469 1929 initio
1497 1891 1645 1941 scripta

83 1947 233 1996 essent,
258 1945 341 1985 sive
365 1947 593 1996 corruptela
619 1948 702 1987 sive
728 1949 955 1987 coniectura
980 1952 1240 2000 ponerentur,
1266 1951 1338 1988 aut
1362 1950 1480 1998 plane
1506 1950 1643 1989 eadem

0 2003 2 2027 ³
22 2038 29 2046 ,
82 2005 236 2044 ratione
271 2005 313 2044 in
348 2007 517 2057 utraque
553 2007 779 2047 recensione
818 2008 968 2058 passim
1005 2008 1264 2058 peccaretur?
1302 2030 1361 2035 —
1399 2008 1499 2047 Sunt
1538 2012 1645 2048 certe

84 2065 277 2115 quaedam
303 2066 344 2104 et
369 2066 542 2104 omnium
569 2067 610 2105 et
635 2067 883 2118 singulorum
904 2068 1078 2107 codicum
1101 2068 1343 2108 Graecorum
1362 2069 1518 2120 menda,
1544 2083 1645 2119 quae

0 2157 33 2179 ,,
82 2124 185 2163 forte
210 2125 330 2163 etiam
355 2125 396 2163 in
421 2127 653 2176 apographo
678 2127 868 2178 Sergiano
896 2131 1020 2167 erant.

198 2183 272 2222 XV
293 2185 318 2223 8
345 2185 581 2233 κρατεῑεθαι
606 2186 719 2234 illud,
745 2188 851 2237 quod
874 2201 1014 2227 verum
1033 2200 1121 2227 esse
1141 2201 1220 2227 11011
1239 2190 1384 2238 potest,
1410 2191 1451 2227 et
1469 2189 1511 2227 in
1530 2189 1643 2229 libris

84 2243 252 2282 servatis
278 2246 341 2283 est
365 2244 416 2282 ad
439 2257 564 2283 unum
589 2246 771 2286 omnibus
797 2250 839 2286 et
864 2250 951 2286 erat
974 2248 1014 2286 in
1041 2247 1173 2287 codice
1200 2242 1313 2302 8⁵⁷⁷)

199 2302 351 2342 Deinde
387 2303 576 2343 fortuitus
614 2309 826 2345 concentus
864 2307 1074 2347 intercedit
1111 2308 1172 2347 bis
1211 2308 1317 2347 inter
1349 2307 1375 2347 S
1411 2310 1452 2346 et
1488 2308 1641 2348 codices

140 2420 198 2460 XI
218 2420 242 2461 5
271 2420 375 2461 ΓΖΕ
401 2420 508 2471 πρὸ(
533 2420 585 2462 ὃν
621 2420 778 2464 Amas
805 2423 913 2474 πρὸς
939 2424 992 2476 ὃ,
1028 2427 1098 2466 ubi
1123 2427 1250 2466 multo
1276 2427 1454 2476 profecto
1481 2428 1640 2477 elegan-

8 2466 29 2479 ⁹
82 2480 163 2520 tius
192 2494 410 2531 pronomen
440 2483 653 2523 relativum
684 2497 773 2523 cum
805 2487 963 2525 nomine
990 2486 1202 2537 Hipponici
1234 2499 1353 2536 quam
1385 2499 1474 2526 cum
1506 2483 1642 2535 παρά-

83 2539 232 2590 δειγμα
256 2536 525 2595 iungitur573),

199 2600 349 2639 XXXII
371 2602 396 2641 5
423 2598 526 2640 ΓΖΕ
552 2597 840 2652 ἀποβαλοῦειν
877 2602 1035 2645 Anas
1061 2602 1388 2655 ἀποβάλλουειν,
1416 2606 1481 2644 ubi
1502 2618 1641 2645 veram

83 2671 169 2698 esse
195 2659 401 2699 Urbinatis
427 2661 666 2711 scripturam
693 2664 891 2703 sententia
915 2665 1222 2716 comparationis
1249 2659 1516 2718 declarat5‘9),

199 2719 260 2758 bis
285 2720 390 2760 inter
415 2719 441 2758 S
467 2722 508 2759 et
533 2720 561 2759 Z
589 2724 851 2774 quartamque
875 2724 1086 2764 Urbinatis
1111 2737 1284 2774 manum,
1311 2724 1462 2762 scilicet

198 2778 255 2818 IX
275 2781 299 2819 6
327 2777 353 2819 Γ
378 2776 514 2830 ὑπεμ.
565 2791 615 2820 .ν
641 2794 700 2831 pi.
726 2795 828 2821 man.
866 2780 988 2824 Am,
1008 2781 1219 2833 ὑπέμενεν
1258 2783 1285 2821 Ζ
1311 2785 1444 2834 quart.
1471 2797 1574 2823 man.
1601 2784 1640 2821 in

84 2834 144 2876 ΓΒ
169 2834 373 2888 ὑφίστατο
382 2833 464 2892 ⁵⁸⁰),

199 2897 308 2937 XXX
329 2900 352 2939 6
380 2896 406 2937 Γ
429 2912 488 2949 pr.
515 2912 617 2938 man.
655 2896 777 2940 Am,
803 2899 952 2951 εεμνόε
991 2904 1019 2941 Ζ
1046 2907 1174 2952 quart.
1209 2914 1310 2940 man.
1336 2902 1375 2940 in
1404 2899 1430 2941 Γ
1439 2902 1466 2940 S
1492 2899 1641 2950 (εμνόε

81 2965 129 2995 τε
154 2954 221 2996 καὶ
245 2954 610 3012 ὑπεροπτικόε.581)

151 3028 258 3057 Jahrb.
277 3030 300 3057 1.
321 3031 408 3058 class.
427 3031 537 3059 Philol.
575 3030 681 3064 Suppl.
700 3032 756 3058 Bd.
769 3032 855 3060 XXI.
1312 3029 1355 3061 29
