1820 3126
545 115 836 153 Lucubrationes
862 114 1148 162 Syro-Graecae.
1541 114 1624 157 401

75 236 137 274 est
159 231 356 284 permulta
381 232 422 270 et
446 230 494 282 ad
517 229 746 269 Anatolium
774 241 795 266 e
822 227 980 278 scriptis
1006 228 1258 278 medicorum,
1285 228 1354 278 qui
1380 230 1512 268 aetate
1538 228 1626 279 ipso

75 295 190 332 erant
213 291 446 342 superiores,
471 290 698 339 pervenisse
723 301 794 338 per
812 288 1047 338 Apsyrtum,
1074 301 1190 338 quem
1210 287 1400 326 Vindanii
1427 293 1626 327 auctorem

74 353 196 392 fuisse
214 352 527 402 fragmentorum
546 348 671 398 ipsius
692 351 732 386 et
751 347 882 397 Sergii
901 350 1113 386 concentus
1133 348 1286 398 probat,
1312 350 1353 386 et
1379 360 1399 386 e
1425 348 1627 387 volumine

74 410 251 451 Anatolii
276 422 300 448 a
323 408 609 448 recentioribus
634 407 852 446 medicinae
877 407 1143 446 veterinariae
1169 407 1429 457 scriptoribus
1450 420 1534 446 esse
1559 420 1626 457 pe-

72 471 160 510 tita.
195 469 292 508 Inde
310 468 367 518 fit,
392 470 447 514 ut,
476 480 577 518 quae
595 468 636 506 in
655 467 916 517 Hippiatricis
936 467 1185 516 Hippocrati,
1206 467 1434 518 Pelagonio,
1456 467 1627 505 Hierocli

71 530 312 578 tribuunt-ur,
336 528 451 567 facile
470 527 625 578 possint
650 527 768 565 etiam
794 526 834 564 in
853 527 955 564 libro
975 525 1154 565 Anatolii
1181 526 1393 565 exstitisse.
1438 526 1540 572 Quin
1568 538 1625 573 ea,

71 602 172 640 quae
196 589 237 627 in
263 587 520 638 Hippiatricis
547 599 594 625 ex
619 587 805 636 Magone,
831 586 1056 636 Diophane,
1082 586 1268 624 Africano
1295 586 1536 634 afferuntur,
1561 586 1626 624 vel

70 661 142 698 per
166 660 208 687 se
238 647 322 686 veri
347 646 473 685 simile
499 648 560 684 est
590 646 685 684 illuc
718 658 764 684 ex
789 645 976 684 Anatolio
1008 646 1253 695 pervenisse,
1286 646 1396 684 cuius
1430 645 1477 684 de
1502 646 1627 684 medi-

69 708 158 746 cina
175 707 415 747 veterinaria
441 706 660 744 doctrinam
688 717 871 756 magnam
900 699 1052 755 partem
1074 705 1153 743 illis
1178 705 1314 743 deberi
1339 707 1446 744 certo
1467 705 1626 744 demon-

69 767 188 806 strari
212 769 357 817 potest.

186 826 324 875 Neque
350 826 452 864 enim
479 825 605 864 solum
630 825 671 863 in
697 826 955 864 restituendis
980 825 1107 875 ipsius
1133 824 1311 863 Anatolii
1338 824 1495 874 scriptis
1523 837 1628 863 sum-

69 899 157 925 mus
183 888 246 925 est
270 885 466 935 epitomae
490 885 749 923 Londinensis
769 885 1039 935 versionisque
1060 884 1255 923 Arabicae
1276 897 1383 934 usus,
1409 884 1479 922 sed
1505 884 1625 922 etiam

0 972 5 989 2
71 946 125 984 ad
163 947 387 984 auctores
424 945 517 983 viri
555 946 912 995 cognoscendos
952 945 1168 994 Sergianae
1205 944 1398 983 versionis
1436 943 1627 993 reliquiae

0 1005 3 1013 ³
69 1005 278 1044 conferunt
301 1004 527 1054 plurimum.
555 1025 610 1030 --
643 1003 835 1054 Incipiam
867 1017 891 1043 a
916 1004 1168 1054 dispiciendis
1200 1004 1256 1042 eis
1282 1003 1528 1053 auctoribus,
1559 1003 1628 1053 qui

0 1074 2 1076 ’
67 1065 109 1103 in
139 1064 241 1103 libro
273 1064 326 1102 de
360 1064 673 1114 generatione
704 1068 750 1102 et
781 1064 1014 1102 medicina
1044 1063 1318 1102 animalium
1351 1065 1512 1112 praeter
1536 1062 1628 1112 Ap-

69 1125 255 1174 syrtum
286 1122 471 1163 videntur
502 1123 671 1162 adhibiti
700 1135 797 1163 esse.
846 1124 1004 1163 Diserte
1036 1124 1215 1174 laudata,
1247 1126 1439 1173 quantum
1472 1135 1492 1161 e
1524 1123 1628 1174 frag-

7 1194 9 1196 ·
70 1184 215 1222 mentis
242 1183 424 1234 Sergiani
456 1183 585 1233 operis
618 1183 751 1234 colligi
774 1185 925 1235 potest,
958 1196 1036 1222 non
1068 1186 1184 1222 erant
1212 1183 1290 1221 nisi
1322 1183 1474 1233 scripta
1503 1182 1552 1221 de
1583 1195 1627 1220 re

67 1243 218 1281 rustica
239 1237 535 1294 Democriti²3¹)
563 1245 603 1281 et
622 1237 887 1297 Sotionis.²³²)
930 1243 1194 1282 Democriti
1214 1241 1496 1291 Abderitae,
1524 1254 1626 1293 quae

0 1349 3 1352 y
68 1303 174 1352 apud
199 1305 355 1342 veteres
380 1303 611 1341 ferebantur
641 1303 689 1341 de
721 1303 967 1352 agricultura
1000 1306 1040 1341 et
1064 1302 1274 1352 medicina,
1306 1302 1455 1352 scripta
1486 1298 1624 1351 χειρό-

68 1356 297 1415 κμηταῗῧῧ),
324 1360 420 1410 περὶ
446 1361 714 1410 (υμπαθειῶν
739 1360 807 1401 καὶ
832 1357 1211 1414 ἀντιπαθειῶν234),
1244 1359 1341 1410 περὶ
1366 1359 1575 1411 γεωργίης
1599 1360 1624 1410 ἢ

0 1425 2 1427 “
67 1415 399 1475 γεωργικόν235),
425 1419 706 1471 ὑπομνήματα
717 1416 789 1475 23⁶)
815 1435 859 1460 re
883 1435 979 1462 vera
1004 1422 1112 1461 Boli
1137 1424 1251 1461 erant
1276 1422 1527 1473 Mendesii,
1558 1421 1626 1471 qui

68 1481 205 1520 floruit
229 1481 495 1531 Theophrasti
520 1481 625 1520 inter
650 1483 838 1534 aetatem,
863 1495 980 1531 quem
1006 1476 1235 1535 laudatm),
1261 1484 1301 1520 et
1324 1481 1529 1531 Varronis,
1557 1481 1625 1531 qui

66 1540 219 1590 primus
239 1541 533 1580 Democriteam
558 1541 606 1580 de
627 1553 669 1579 re
689 1542 840 1581 rustica
865 1542 1086 1581 doctrinam
1111 1535 1366 1594 respicit²33)‚
1393 1540 1626 1580 Callimachi

68 1599 168 1650 fere,
200 1600 234 1639 si
263 1613 403 1639 verum
434 1594 666 1654 Oderus239)
698 1601 817 1652 vidit,
848 1595 1188 1654 temporibus.²⁴⁰)
1250 1601 1347 1639 Eius
1379 1601 1502 1639 libros
1535 1600 1623 1652 quis

66 1661 184 1709 putet
209 1661 363 1699 saeculo
382 1663 474 1710 post
494 1659 696 1699 Christum
716 1662 854 1700 natum
879 1663 1022 1711 quarto
1042 1662 1220 1712 integros
1241 1661 1499 1710 superfuisse,
1525 1673 1623 1711 quos

68 1719 148 1758 iam
167 1718 338 1758 Senecae
357 1720 533 1770 aequalis
554 1719 774 1760 Columella
792 1720 878 1771 ipse
897 1734 975 1761 non
994 1721 1152 1772 legerit,
1173 1721 1222 1759 ut
1239 1720 1308 1771 qui
1329 1718 1488 1759 eosdem'
1507 1721 1623 1758 modo

67 1778 284 1818 Democriti
308 1780 425 1819 modo
444 1779 533 1819 Boli
558 1792 643 1819 esse
669 1781 872 1831 scriberet,
897 1784 1018 1830 prout
1042 1781 1133 1820 illos
1159 1793 1184 1819 a
1203 1780 1372 1830 singulis
1392 1780 1623 1819 auctoribus

68 1838 151 1877 suis
182 1838 363 1878 laudatos
394 1839 616 1879 inveniret?
655 1860 706 1867 -
749 1840 917 1880 Sotion
955 1841 1024 1891 qui
1055 1840 1108 1879 sit
1143 1840 1446 1892 intelligendus,
1482 1852 1624 1890 parum

67 1892 282 1951 liquet.²4¹)
326 1898 374 1937 In
397 1899 581 1938 manibus
600 1899 778 1939 Anatolii
802 1902 909 1940 certe
933 1913 983 1939 ne
1009 1900 1093 1940 eius
1120 1900 1279 1950 quidem
1300 1900 1402 1938 liber
1421 1902 1519 1939 erat.
1563 1900 1624 1938 Ex

66 1957 300 2007 fragmentis
332 1958 506 1998 Sotionis
538 1959 641 1998 enim
672 1959 713 1998 in
742 1959 974 2011 Geoponicis
1002 1960 1160 1999 Graecis
1194 1964 1234 1998 et
1264 1960 1444 1999 versione
1469 1960 1623 2011 Kostae

68 2017 237 2057 servatis
269 2020 435 2068 apparet
464 2021 677 2069 praecepta
708 2020 784 2059 viri
813 2033 892 2060 non
924 2020 1052 2059 solum
1084 2020 1133 2057 ad
1166 2020 1401 2058 medicinam
1429 2019 1623 2058 veterina-

67 2076 167 2115 riam
205 2077 274 2116 sed
310 2077 361 2115 ad
391 2078 619 2118 universam
650 2091 734 2118 rem
766 2080 956 2119 rusticam
988 2080 1242 2130 spectavisse.
1305 2079 1623 2118 Consentaneum

12 2145 15 2147 ’
66 2136 191 2186 igitur
210 2139 298 2176 erat
317 2149 375 2188 ea,
401 2138 435 2176 si
454 2138 640 2178 Anatolio
659 2140 819 2189 cognita
838 2140 1018 2187 fuissent,
1045 2139 1167 2179 etiam
1192 2140 1233 2178 in
1256 2140 1404 2190 eclogis
1430 2138 1624 2178 adhiberi.

66 2195 191 2245 Atqui
215 2196 320 2235 inter
345 2209 429 2246 eos,
460 2210 481 2236 e
506 2210 673 2248 quorum
704 2199 818 2238 libris
842 2198 1055 2238 Anatolius
1089 2199 1246 2250 eclogas
1274 2211 1365 2237 suas
1398 2199 1623 2249 confecerit,

67 2254 231 2294 Photius
258 2255 460 2295 Sotionem
483 2270 562 2296 non
586 2262 781 2299 numerat.
824 2259 966 2310 Itaque
988 2259 1207 2298 Democriti
1231 2261 1272 2297 et
1298 2258 1472 2298 Sotionis
1497 2259 1623 2297 nomi-

67 2314 183 2353 nibus
202 2315 376 2355 laudatis
393 2329 535 2366 parum
554 2316 748 2357 iuvamur.
768 2340 824 2346 -—
844 2318 903 2358 Eo
924 2319 1084 2358 maioris
1103 2318 1296 2357 momenti
1317 2320 1378 2357 est
1397 2331 1475 2357 non
1494 2331 1622 2368 pauca

67 2375 276 2413 convenire
300 2375 403 2414 libro
422 2375 600 2415 Anatolii
624 2389 712 2416 cum
733 2378 919 2417 Romanis
941 2378 1175 2428 Varrone,
1196 2377 1481 2430 Columella,
1507 2377 1623 2416 Gar-

19 2454 27 2459 *
67 2433 187 2483 gilio
206 2434 438 2474 Martiali.
480 2435 617 2475 Liceat
640 2450 718 2488 eos,
745 2438 813 2489 qui
833 2440 1015 2478 accurate
1040 2439 1115 2477 sibi
1140 2438 1391 2488 respondent,
1416 2438 1522 2477 locos
1550 2438 1623 2476 sub

69 2505 148 2532 uno
174 2497 386 2544 conspectu
411 2507 573 2544 ponere:

187 2552 233 2592 G.
259 2553 299 2592 S.
323 2553 423 2592 XIII
445 2557 465 2592 1
495 2555 555 2593 ed.
580 2554 763 2605 Lagarde
789 2558 857 2607 99,
884 2558 936 2596 15
957 2571 987 2596 s.
1014 2553 1079 2610 (G.
1107 2557 1151 2597 G.
1178 2557 1251 2595 XV
1274 2559 1297 2595 2
1325 2555 1351 2605 ξ
1375 2551 1466 2610 15);
1492 2556 1621 2596 Varro

68 2610 108 2650 II
131 2613 183 2651 16
210 2610 237 2662 ἓ
258 2614 312 2652 28
339 2616 570 2663 „praeterea
594 2636 652 2641 —-—
677 2615 925 2655 seditiones“.

187 2670 233 2710 G.
248 2671 285 2712 S.
305 2672 439 2712 ΧΙΠ4
460 2668 524 2726 (G.
539 2673 585 2713 G.
599 2674 715 2713 XVII
731 2670 793 2728 1);
818 2676 945 2715 Varro
964 2676 1004 2715 Π
1020 2677 1043 2715 5
1066 2675 1092 2725 ξ
1109 2678 1161 2714 12
1182 2678 1298 2725 „ante
1313 2697 1366 2702 —
1383 2674 1623 2726 concipere“.

186 2730 231 2770 G.
252 2731 290 2771 S.
309 2731 407 2771 XIH
429 2734 452 2771 7
479 2734 538 2772 ed.
559 2733 741 2783 Lagarde
767 2736 863 2785 102,
885 2737 936 2774 27
955 2749 983 2774 s.
1011 2731 1079 2789 (G.
1100 2736 1145 2774 G.
1166 2735 1282 2773 XVII
1304 2738 1326 2774 6
1355 2733 1380 2784 ἓ
1404 2731 1467 2788 1);
1494 2735 1622 2774 Varro

68 2788 109 2828 Π
128 2791 152 2829 5
179 2788 206 2840 ξ
228 2792 281 2830 13
307 2804 417 2843 „mas
441 2805 492 2831 an
517 2793 664 2831 femina
689 2814 743 2820 -
769 2795 811 2832 in
836 2794 1159 2834 sinisteriorem“.

187 2848 234 2888 G.
260 2849 298 2890 S.
322 2851 420 2890 XIII
447 2854 470 2891 9
498 2852 591 2891 ibid.
620 2854 715 2904 102,
743 2855 796 2892 29
817 2867 848 2894 s.
875 2849 939 2906 (G.
967 2854 1014 2893 Gr.
1039 2854 1154 2892 XVII
1181 2855 1205 2894 8
1233 2853 1258 2902 ἓ
1288 2848 1351 2908 1);
1378 2854 1503 2893 Varro
1530 2854 1570 2892 ΙΙ
1597 2856 1620 2893 2

70 2906 97 2956 ἓ
119 2910 170 2948 19
198 2911 264 2958 „at
287 2911 457 2950 maxime
487 2933 537 2939 —
564 2909 662 2951 lac“.

140 2980 245 3007 Jahrb.
264 2982 286 3008 f.
305 2983 393 3009 σιω.
411 2983 520 3010 Phuoi
547 2984 649 3016 Suppl.
669 2985 726 3011 Bd.
740 2985 824 3011 XXI.
1295 2982 1339 3015 26
