1820 3126
599 89 889 128 Lucubraffiones
915 87 1201 136 Syro-Graecae.
1594 89 1679 132 487

245 207 339 247 153.
376 206 439 258 „Is
471 206 581 246 locus
611 203 802 257 requietis
829 205 906 253 est,
942 214 1059 253 quem
1085 181 1294 242 constituit
1318 203 1415 242 deus
1440 202 1680 254 hominibus,

121 270 169 307 ut
193 266 488 318 requiescerent
513 278 537 304 a
561 266 689 314 malis,
715 276 817 316 quae
842 263 1034 303 vidissent
1059 262 1100 300 iu
1125 262 1211 302 vita
1235 259 1343 303 sua.“

179 331 185 366 ἓ
242 326 352 366 Couf.
377 325 524 375 Diphil.
551 325 626 377 frg.
657 325 751 364 188.

124 407 129 413 ·
179 395 184 429 ‚³
239 386 342 426 Ood.
367 398 478 424 mus.
504 385 622 424 Brit.
649 384 748 423 add.
776 383 920 422 14614
945 382 1012 421 fol.
1036 376 1406 436 116a-117a(1.
1428 382 1465 422 S.
1484 396 1522 434 p.
1539 384 1595 422 80
1610 381 1674 436 s.).

239 447 276 486 1.
313 445 442 497 „Ante
469 444 600 483 omnia
624 444 740 483 deum
766 442 861 482 time
892 444 932 481 et
958 455 1064 493 eum,
1097 442 1166 492 qui
1195 443 1322 482 maior
1352 444 1450 482 natu
1476 444 1517 481 te
1542 443 1678 493 fuerit,

120 510 281 556 honora,
307 506 412 556 quod
436 505 496 543 ita
520 503 778 544 honoraberis
804 515 828 541 a
853 499 964 541 deo.“

237 566 346 607 Couf.
373 565 540 604 Monost.
568 565 664 603 230.

237 630 275 667 2.
313 625 400 674 „Ab
428 624 534 664 omui
558 637 602 663 re
627 622 738 673 turpi
762 622 903 673 procul
927 617 1102 661 recedc.“

236 685 345 727 conf.
372 685 538 724 Mouost.
567 685 635 734 23,
656 684 751 722 272.

235 749 273 787 3.
299 761 355 777 =
385 745 437 784 18
464 743 648 794 florilegii
673 756 697 782 a
722 742 875 781 Laudic
901 741 1008 781 editi.

234 809 270 846 4.
289 822 354 857 ,Ξ
383 805 435 844 19
463 805 547 843 flor.
572 803 698 843 Laud.

234 869 271 907 5.
299 882 354 896 =
383 865 464 903 115
493 864 576 903 flor.
601 863 724 902 Laud.
758 861 922 900 additis:
961 863 1026 912 „et
1055 861 1097 900 iu
1128 859 1324 912 angustiis
1356 859 1435 899 tuis
1466 861 1671 901 invocabis

116 941 204 967 eum
232 921 303 979 (sc.
329 918 466 976 deum)
493 926 532 962 et
557 922 802 962 auscultabit
825 922 912 961 voci
936 919 1066 960 tuae.“

235 989 272 1026 6.
299 1002 354 1017 =
384 985 466 1023 116
492 983 576 1022 flor.
601 983 726 1021 Laud.

235 1049 270 1085 7.
297 1045 475 1095 „Decora
500 1044 561 1082 est
586 1042 773 1082 iuventus
801 1039 900 1082 etc.“
924 1041 1079 1091 reliqua
1106 1057 1161 1072 =
1191 1042 1272 1080 117
1300 1040 1384 1080 flor.
1410 1040 1534 1080 Laud.

232 1108 268 1146 8.
295 1122 351 1136 =
380 1104 461 1142 118
488 1103 574 1142 flor.
598 1101 724 1142 Laud.

231 1168 268 1206 9.
296 1182 350 1196 ==
380 1164 461 1202 119
489 1162 573 1202 fior.
599 1161 724 1201 Laud.

203 1228 267 1267 10.
295 1241 349 1256 =
380 1224 463 1262 120
488 1222 572 1261 flor.
598 1221 722 1260 Laud.

201 1288 268 1327 11.
294 1301 349 1316 =
379 1283 458 1322 121
488 1282 571 1320 flor.
597 1281 720 1321 Laud.

203 1347 269 1386 12.
295 1361 350 1375 =
378 1343 459 1381 122
487 1342 571 1380 flor.
597 1341 721 1380 Laud.

203 1407 269 1445 13.
295 1421 350 1435 =
381 1403 461 1441 128
488 1402 572 1440 flor.
599 1401 724 1441 Laud.

204 1466 269 1505 14.
296 1481 351 1494 =
381 1463 462 1501 129
489 1461 572 1500 flor.
599 1460 724 1500 Laud.

203 1525 270 1565 15.
297 1541 351 1555 =
381 1523 464 1561 130
490 1521 574 1560 flor.
600 1520 724 1559 Land.

204 1585 269 1625 16.
295 1582 495 1634 „Minatur
512 1580 715 1620 miseriam
741 1582 781 1620 et
800 1580 1091 1620 contentionem
1110 1577 1295 1619 invidia.“
1341 1579 1451 1619 Oouf.
1479 1582 1559 1620 131
1582 1581 1667 1621 flor.

110 1645 232 1684 Laud.

201 1707 267 1744 17.
294 1720 349 1734 =
379 1703 460 1741 132
487 1700 610 1740 Laud.

205 1766 268 1804 18.
295 1761 429 1813 „Vidi;
467 1761 574 1802 vitae
612 1762 745 1799 autem
775 1760 978 1799 hominum
1010 1759 1099 1799 finis
1137 1772 1252 1799 orcus
1285 1761 1363 1811 est,
1401 1760 1507 1811 quod
1538 1761 1573 1800 is
1606 1763 1669 1801 est

115 1824 225 1864 locus
253 1819 350 1862 etc.“
375 1822 528 1871 reliqua
554 1836 610 1851 =
640 1821 722 1859 153
749 1821 832 1859 fior.
857 1820 982 1859 Laud.

228 1882 347 1930 Illud,
373 1881 523 1932 opinor,
548 1881 699 1920 certum
720 1882 782 1918 est
807 1882 847 1918 et
867 1880 1116 1930 exploratum
1137 1880 1332 1918 erravisse
1352 1880 1550 1919 Laudium
1576 1894 1665 1920 cum

110 1956 244 1982 omnes
273 1941 490 1982 sententias
516 1953 540 1979 a
565 1940 666 1990 Syro
692 1952 899 1990 expressas
926 1940 1144 1979 damnaret.
1193 1939 1332 1990 Immo,
1356 1942 1403 1979 ut
1427 1940 1666 1991 interposita

109 2003 190 2042 sint
227 2002 364 2051 etiam,
403 2012 503 2051 quae
535 2013 558 2039 a
590 1999 804 2038 Menandro
844 2000 973 2039 aliena
1005 2012 1090 2039 esse
1121 2000 1349 2050 videantur,
1386 2000 1544 2040 latent
1581 2001 1664 2040 sine

108 2062 374 2101 controversia
405 2059 569 2109 aliqua
599 2072 722 2098 nova
745 2059 1020 2109 fragmenta
1050 2060 1326 2099 fabularum
1350 2060 1659 2100 Menandrea-

106 2135 206 2161 rum
229 2122 278 2161 iu
302 2120 490 2160 duobus
515 2119 783 2169 florilegiis
810 2118 1035 2170 Syriacis.

223 2181 364 2220 Altera
395 2179 573 2230 quaestio
604 2179 763 2229 integra
793 2181 919 2218 restat
949 2180 1003 2218 de
1035 2181 1196 2219 aetate
1234 2183 1282 2218 et
1312 2180 1662 2231 compositione

106 2240 481 2292 florilegiorum.
541 2239 686 2278 Procul
716 2238 835 2278 dubio
866 2240 996 2279 versio
1036 2240 1324 2279 sententiarum
1355 2241 1524 2279 istarum
1561 2241 1666 2281 redit

107 2301 162 2339 ad
198 2300 398 2351 primam
435 2298 534 2337 fere
572 2299 852 2338 litterarum
890 2299 1199 2350 Syriacarum
1241 2302 1461 2339 aetatem.
1525 2300 1662 2341 Sermo

105 2373 295 2410 perquam
322 2359 507 2409 antiquus
533 2359 594 2397 est
620 2360 660 2397 et
685 2358 818 2397 durus.
868 2358 1062 2398 Vertendi
1087 2372 1152 2398 ars
1178 2360 1389 2411 conspicua
1414 2362 1477 2399 est
1500 2360 1661 2400 minime

107 2420 261 2459 exculta
298 2420 340 2458 et
371 2418 422 2457 ab
455 2417 654 2468 elegantia
687 2418 1061 2468 interpretationum
1093 2419 1221 2470 Sergii
1252 2421 1505 2459 Resaineusis
1542 2421 1660 2471 louge

105 2478 244 2518 aliena.
290 2479 408 2517 Modo
429 2477 533 2516 enim
559 2478 608 2516 ab
627 2477 847 2528 interprete
867 2477 967 2529 Syro
995 2479 1212 2518 sententias
1237 2480 1450 2518 admodum
1475 2480 1524 2518 ad
1544 2480 1662 2519 liceu-

105 2538 199 2577 tiam
230 2538 419 2577 constitui
451 2537 523 2575 aut
546 2549 690 2587 magno
715 2537 850 2576 labore
883 2538 1080 2578 circumiri
1110 2551 1224 2578 nemo
1256 2553 1334 2579 nou
1361 2539 1493 2578 sentit.
1542 2539 1660 2580 Modo

105 2596 247 2637 Graeci
275 2596 510 2647 exemplaris
534 2596 707 2647 vestigia
738 2609 893 2636 summa.
923 2599 1094 2649 quadam
1127 2600 1247 2649 atque
1278 2599 1399 2638 etiam
1424 2599 1541 2638 anxia
1571 2611 1659 2638 cum

107 2657 314 2707 diligentia
345 2657 442 2696 adeo
476 2656 604 2707 premi
634 2656 832 2708 videmus,
869 2659 916 2696 ut
950 2659 1099 2708 passim
1131 2660 1343 2698 verborum
1381 2659 1659 2699 collocationes

106 2715 327 2755 efficiantur
350 2729 374 2755 a
392 2715 549 2767 legibus
569 2715 730 2767 linguae
749 2715 935 2767 Syriacae
957 2731 1120 2768 prorsus
1147 2718 1330 2758 absonae.
1373 2717 1526 2758 Mendis
1551 2719 1660 2758 haud

106 2775 243 2825 paucis
268 2775 392 2816 verba
420 2777 584 2814 scatent.
635 2774 729 2824 Sed,
761 2787 850 2814 cum
879 2777 1007 2817 multa
1037 2779 1190 2818 rariora
1220 2779 1342 2828 atque
1373 2778 1495 2817 etiam
1526 2779 1658 2829 siugu-

105 2834 204 2874 laria
227 2847 302 2875 usu
327 2835 486 2875 obviam
511 2837 662 2885 essent,
688 2847 788 2885 quae
813 2835 1020 2876 dubitandi
1045 2838 1092 2876 de
1119 2837 1317 2888 scriptura
1332 2837 1491 2877 *tradita
1516 2851 1654 2877 ansam

104 2894 255 2934 nullam
286 2895 441 2946 darent,
472 2895 615 2948 malui,
654 2894 778 2934 sicubi
807 2895 849 2934 iu
878 2897 1010 2937 verbis
1041 2897 1202 2937 traditis
1235 2898 1464 2948 haerebam,
1499 2897 1656 2937 dubita-
