1820 3126
551 114 842 152 Lucubrationes
869 113 1156 159 Syro-Graecae.
1546 109 1632 151 373

84 233 151 284 qui
171 234 263 271 sunt
281 230 423 270 medici
441 229 739 279 imperatorum,
759 226 978 265 archiatros
992 225 1218 275 populares,
1238 223 1306 273 qui
1318 223 1359 261 111
1373 222 1528 272 oppidis
1541 235 1631 272 pro-

82 292 299 333 vinciarum
318 289 459 328 medici
470 288 620 339 publici
639 286 846 326 constituti
860 286 984 335 erant,
1006 284 1226 323 archiatros
1245 282 1458 333 populares
1472 282 1631 320 urbium

81 353 228 391 Romae
247 351 287 389 et
300 348 706 398 ConstantinopoleOS,
726 345 938 395 magistros
960 344 1184 383 scholarum
1204 343 1460 392 medicorum,
1480 341 1632 380 archia-

80 414 163 451 tros
183 410 351 459 denique
369 408 477 459 xysti
497 410 537 447 et
557 407 712 446 aedium
731 405 931 455 virginum
945 403 1178 453 Vestalium,
1199 415 1365 453 quorum
1386 400 1631 451 singularem

81 469 344 510 condicionem
369 467 492 507 fuisse
518 466 690 506 efficitur
713 465 799 504 loco
820 463 914 503 Ood.
935 463 1080 502 Theod.
1100 463 1145 502 L.
1164 462 1263 501 XIII
1284 461 1327 501 T.
1347 461 1408 499 ΙΙΙ
1429 461 1476 499 de
1501 461 1631 501 medd.

80 531 121 568 et
137 528 249 580 proff.
271 540 301 567 c.
317 529 356 567 8.
393 527 501 574 Quae
520 527 562 565 in
582 525 809 565 universum
831 523 1086 573 sagacissime
1106 524 1200 562 sunt
1218 521 1405 560 iudicata.
1442 520 1488 558 Id
1508 533 1629 559 unum

77 601 190 640 nego,
216 600 294 638 603,
319 587 387 637 qui
412 586 555 626 scholis
581 580 821 624 medicorum
846 583 1090 634 praeessent,
1114 582 1334 621 archiatros
1355 580 1549 630 appellari
1569 593 1629 620 so—

77 648 170 688 litos
201 659 298 687 esse.
346 646 450 685 Nam
481 648 522 685 61
553 658 693 695 111111111,
732 656 810 695 quo
842 642 974 693 opinio
1006 642 1213 681 hominum
1243 641 1449 680 doctorum
1480 640 1631 679 firmari

78 709 245 758 poterat,
269 706 432 746 titulum
442 700 512 758 ¹24)
534 704 714 743 Maffeius
735 705 775 742 et
794 702 1083 741 Wilmannsius
1101 702 1249 740 falsum
1269 713 1355 740 esse
1376 700 1630 750 suspicantur

79 769 130 818 61,
156 767 190 806 si
214 767 283 805 illo
310 766 429 805 titulo
454 767 500 804 ut
519 767 625 804 certo
646 764 881 803 documento
907 762 967 800 uti
986 761 1174 810 licuisset,
1200 761 1311 799 nullo
1331 761 1448 799 modo
1468 761 1627 811 probari

75 828 233 878 poterat
245 826 403 866 Livium
417 826 642 876 Eutychum
663 824 712 862 ad
733 823 909 862 scholam
927 822 1169 861 medicorum
1182 821 1422 872 pertinuisse
1441 822 1512 859 aut
1532 821 1629 860 adeo

75 886 184 926 illius
209 885 448 935 magistrum
472 885 607 923 fuisse.
658 883 767 930 Quae
794 882 826 921 si
850 882 909 920 ita
934 880 1099 931 habent,
1126 881 1307 931 Sergius,
1332 882 1380 919 ut
1405 880 1474 930 qui
1498 881 1540 919 in
1566 894 1629 920 ex-

76 949 204 985 tremo
223 945 370 996 angulo
388 944 545 995 imperii
570 944 694 984 vitam
720 943 895 992 degeret,
918 941 998 980 nisi
1016 941 1191 980 medicus
1212 941 1415 991 popularis
1436 940 1631 980 Resainae

77 1005 212 1056 oppidi
236 1018 323 1044 esse
350 1017 428 1044 non
453 1005 624 1055 poterat.
674 1002 787 1041 Illius
814 1003 948 1040 autem
974 1001 1262 1040 archiatrorum
1290 1000 1448 1050 generis
1473 1001 1633 1040 videtur

75 1065 197 1104 fuisse
211 1065 382 1114 primum
396 1064 556 1103 morbos
569 1075 786 1113 pauperum
800 1061 927 1112 gratis
948 1063 988 1100 et
1003 1061 1086 1100 sine
1100 1060 1279 1099 mercede
1294 1072 1444 1099 curare.
1483 1061 1632 1100 Deinde

75 1124 195 1164 etiam
219 1124 381 1164 iuvenes
407 1124 486 1162 arti
510 1123 684 1162 medicae
709 1121 835 1160 dediti
858 1120 1067 1159 archiatris
1086 1120 1360 1170 popularibus,
1386 1120 1455 1170 qui
1479 1121 1520 1159 in
1539 1135 1631 1171 pro-

75 1184 211 1224 vinciis
243 1183 605 1231 constituebantur,
642 1181 807 1221 docendi
838 1183 962 1220 erant.
1024 1179 1184 1219 Scilicet
1220 1180 1393 1219 medicos
1422 1177 1632 1232 immunes,

75 1256 242 1295 quorum
268 1245 399 1282 certus
425 1243 475 1282 ab
500 1242 700 1282 Antonino
726 1241 797 1280 Pio
821 1253 1010 1280 numerus
1035 1241 1124 1290 lege
1156 1241 1240 1279 lata
1264 1240 1451 1279 definitus
1478 1242 1540 1280 est
1551 1236 1632 1296 125),

76 1303 364 1342 archiatrorum
395 1303 589 1353 dignitate
621 1303 779 1341 ornatos
810 1301 934 1338 fuisse
966 1300 1119 1350 primus
1152 1299 1405 1339 Goldhornus
1438 1301 1545 1339 recte
1584 1315 1631 1341 ex

75 1363 214 1414 primis
240 1363 371 1402 verbis
397 1363 516 1401 edicti
542 1375 566 1401 a
585 1360 844 1400 Constantino
863 1361 1104 1410 imperatore
1124 1372 1226 1398 anno
1247 1361 1331 1399 326
1353 1360 1449 1398 editi
1476 1362 1516 1399 et
1539 1361 1630 1400 inde

75 1423 253 1474 collegit,
286 1422 390 1474 quod
414 1422 577 1473 Iuliani,
609 1421 676 1472 qui
702 1420 852 1459 Graece
883 1422 961 1469 est,
993 1416 1110 1471 νόμῳ
1143 1417 1238 1468 περὶ
1269 1419 1357 1458 τῶν
1389 1416 1547 1469 ἰατρῶν
1579 1434 1631 1461 30.

74 1482 320 1533 11111111111111111,
344 1482 486 1521 Latine
511 1494 626 1522 verso
651 1480 899 1519 inscribitur:
925 1480 1129 1530 „Iulianus
1150 1479 1200 1517 ad
1220 1476 1478 1531 archiatros“,
1505 1481 1630 1521 altero

75 1544 208 1581 autem
234 1542 380 1592 edicto,
411 1542 517 1592 quod
543 1553 644 1580 anno
673 1541 756 1580 333
784 1539 925 1589 edidit,
959 1539 1244 1578 Constantinus
1273 1539 1361 1578 ideo
1387 1540 1631 1580 medicorum

75 1605 116 1641 et
139 1602 407 1652 professorum
434 1601 664 1641 vacationes
696 1613 720 1638 a
751 1613 793 1638 se
826 1599 1050 1639 confirmari
1080 1599 1307 1648 profitetur:
1339 1612 1441 1651 „quo
1473 1600 1629 1641 facilius

76 1661 308 1700 liberalibus
329 1661 472 1701 studiis
493 1664 534 1701 et
550 1660 781 1699 memoratis
801 1659 954 1698 artibus
979 1659 1128 1698 multos
1151 1653 1482 1714 instituant“.¹2⁶)
1528 1660 1630 1707 Quid

79 1734 168 1760 vero
201 1734 289 1759 011111
320 1721 499 1760 doctrina
530 1720 661 1771 Sergii
678 1715 819 1770 vmagis
856 1718 1117 1758 conveniebat
1154 1732 1275 1769 quam
1305 1718 1468 1759 iuvenes
1502 1723 1630 1760 artem

77 1781 270 1819 medicam
296 1781 453 1832 docere,
479 1794 567 1820 cum
594 1793 651 1831 eo,
675 1780 780 1829 quod
805 1779 1005 1818 hominem
1031 1778 1263 1830 religiosum
1288 1779 1470 1830 decebat,
1497 1782 1628 1821 studio

76 1841 253 1879 caritatis
272 1852 390 1890 quam
408 1840 651 1891 pauperibus
671 1839 856 1878 curandis
875 1839 980 1878 vires
1001 1839 1125 1877 scient
1143 1839 1300 1888 iamque
1319 1839 1552 1889 impertire?
1577 1862 1625 1868 —

75 1900 135 1939 Ne
154 1900 254 1939 illud
273 1899 432 1950 quidem
451 1899 630 1952 impedit,
655 1899 751 1950 quin
769 1899 1004 1938 monachum
1024 1898 1210 1949 Sergium
1227 1898 1352 1938 fuisse
1375 1899 1629 1953 arbitremur,

74 1966 178 2017 quod
217 1966 367 2004 solum
403 1955 540 2013 μω
577 1959 956 2019 (πρεεβύτεροε)
995 1964 1287 2015 appellatur.
1350 1965 1455 2004 Nam
1492 1956 1628 2013 lnam

74 2024 392 2085 (πρεεβύτεροε)
425 2030 555 2082 quivis
584 2031 767 2070 sacerdos
793 2032 1036 2082 appellatur,
1069 2031 1152 2070 sive
1177 2031 1388 2081 presbyter
1414 2031 1629 2071 saecularis

75 2090 157 2130 sive
188 2090 403 2129 monachus
435 2090 718 2141 intelligendus
752 2093 823 2130 est.
871 2090 985 2129 Unde
1016 2090 1063 2128 fit
1087 2092 1133 2129 ut
1158 2090 1388 2140 saepissime
1415 2091 1628 2141 scriptores

73 2155 163 2206 Syri
193 2155 375 2206 apposito
410 2146 526 2204 lnssx
550 2163 606 2203 ’,ὓ
642 2151 894 2209 (saecularis)
905 2150 973 2207 127)
1004 2155 1069 2195 vel
1095 2146 1190 2207 lap?
1215 2151 1544 2211 (monachus)¹²⁸)
1565 2157 1630 2196 vel

73 2216 146 2279 1⁶..)
179 2221 261 2266 ...3
293 2221 641 2280 (archimandrita)
650 2222 721 2282 129)
746 2241 830 2267 rem
855 2227 1080 2267 accuratius
1107 2227 1342 2278 significent.

193 2302 342 2349 Quodsi
362 2303 525 2355 Sergius
544 2304 800 2345 Resainensis
825 2304 1067 2345 monasterio
1093 2305 1313 2355 praefuisse
1332 2305 1534 2355 putandus
1555 2308 1628 2358 est,

63 2362 300 2405 coniectura
331 2376 372 2402 se
404 2363 521 2402 offert
551 2365 731 2414 quamvis
763 2365 936 2414 infirma,
970 2377 1162 2415 perquam
1193 2366 1329 2404 tamen
1352 2366 1518 2417 blanda,
1548 2366 1628 2405 illi

74 2422 284 2461 dicatum
310 2435 414 2462 esse
440 2423 696 2463 chronicon
721 2425 890 2465 Iosuae
918 2424 1147 2475 Stylitae‚
1173 2425 1277 2474 quod
1301 2437 1405 2464 anno
1430 2425 1514 2465 fere
1541 2427 1624 2466 507

76 2482 267 2532 scriptum
294 2494 380 2522 esse
405 2482 575 2522 videtur.
626 2483 739 2530 Quod
765 2485 869 2524 enim
895 2484 1012 2523 Iosua
1032 2483 1216 2534 Sergium
1240 2485 1367 2535 illum,
1393 2485 1457 2524 cui
1480 2485 1626 2524 librum

74 2560 188 2587 suum
219 2547 362 2598 mittit,
396 2548 524 2587 solum
554 2538 742 2601 Ιμρῳὶο
776 2539 912 2598 μω
950 2545 1248 2603 (presbyterum
1278 2552 1320 2589 et
1344 2549 1626 2590 archimandri-

74 2607 176 2666 tam)
209 2613 402 2664 appellat,
436 2613 527 2652 inde
558 2613 658 2651 nihil
689 2613 937 2653 difficultatis
971 2616 1108 2654 oritur.
1158 2615 1298 2666 Neque
1329 2615 1435 2654 enim
1467 2629 1626 2657 necesse

75 2675 180 2721 erat,
208 2673 374 2712 clericus
400 2685 490 2711 cum
515 2673 655 2711 clerico
680 2673 826 2712 librum
851 2673 1013 2723 dicaret,
1039 2675 1080 2713 in
1107 2688 1184 2726 quo
1210 2676 1309 2714 nihil
1335 2678 1440 2715 esset
1466 2676 1513 2714 de
1540 2678 1626 2716 arte

74 2731 233 2782 medica,
253 2732 460 2782 profanam
479 2732 716 2771 archiatriae
730 2733 967 2785 dignitatem
985 2735 1207 2785 appellaret
1215 2730 1297 2788 130),
1316 2748 1443 2785 neque
1463 2736 1624 2775 omnino

75 2791 218 2830 scitum
244 2793 316 2840 est,
341 2792 445 2831 unde
470 2805 494 2831 a
519 2805 594 2842 quo
620 2804 722 2831 anno
747 2792 909 2843 Sergius
935 2794 1151 2833 archiatria
1174 2795 1334 2834 functus
1362 2795 1424 2833 sit.
1473 2795 1624 2834 Eadem

75 2851 248 2891 virorum
281 2853 390 2890 aetas
422 2853 500 2902 est,
530 2852 636 2890 idem
668 2852 886 2892 studiorum
915 2854 1050 2904 ardor,
1081 2854 1243 2893 eaedem
1268 2854 1438 2904 denique
1462 2855 1504 2892 in
1527 2855 1623 2893 rixis

75 2909 410 2963 Nestorianorum,
432 2911 814 2962 Menophysitarum,
834 2912 1213 2953 chalcedonensium
1232 2916 1368 2964 partes
1385 2915 1488 2953 sunt.
1520 2913 1622 2952 Nam
