1820 3126
227 150 313 194 372
839 153 883 189 A.
903 154 1132 192 Baumstark:

228 266 436 315 utrumque
466 263 726 303 Alexandriae
757 264 977 304 litterarum
1008 266 1146 306 studiis
1179 267 1379 307 vacavisse
1409 263 1655 322 constet.¹¹⁶)
1713 269 1749 307 A

227 321 494 362 Choerobosco
520 322 684 371 denique
708 324 749 361 et
772 324 812 361 in
833 323 1102 375 Etymologico
1127 338 1268 377 magno
1293 327 1512 376 putaverim
1538 324 1750 375 Εέργιον

227 379 313 419 τὸν
332 378 584 429 νεώτερον
603 381 765 426 laudari.
813 382 852 420 Is
871 395 963 422 vero
983 397 1073 422 num
1094 384 1196 422 idem
1217 384 1269 423 sit
1293 387 1409 435 atque
1434 384 1605 423 medicus
1626 385 1749 435 Syrus

226 442 271 478 ut
294 452 455 489 prorsus
479 440 761 489 incompertum
786 453 857 490 ego
885 441 926 479 in
951 442 1077 480 medio
1101 442 1328 493 relinquam.

343 499 401 536 Ea
425 498 558 547 igitur,
584 498 631 536 de
656 498 797 547 quibus
822 499 950 538 adhuc
975 501 1191 550 expositum
1218 503 1289 550 est,
1314 501 1536 540 testimonia
1560 502 1609 540 ad
1628 502 1748 541 inter-

225 558 376 605 pretem
390 555 533 606 Syrum
553 558 622 594 aut
639 569 714 595 non
728 559 832 596 certo
851 559 920 595 aut
939 559 1094 597 omnino
1112 571 1189 597 non
1203 563 1367 608 possunt
1385 560 1568 599 revocari.
1602 559 1747 599 Contra

225 615 320 652 mihi
339 615 494 664 quidem
514 615 756 664 exploratum
777 618 836 654 est
854 629 994 655 nomen
1012 617 1086 655 viri
1106 618 1368 668 subscriptum
1389 619 1542 657 exstare
1561 619 1607 656 in
1626 620 1747 658 actis

225 674 524 724 synodorum,
555 685 671 722 quae
702 686 819 712 anno
847 675 929 713 536
957 674 1374 725 Constantinopoli
1406 676 1599 715 habitae
1628 680 1747 716 sunt.

224 731 335 770 Duae
366 733 499 770 autem
529 732 769 781 cogebantur
805 733 931 771 altera
964 733 1013 772 ab
1044 734 1224 783 Agapeto
1260 737 1351 784 post
1380 734 1624 773 Anthimium
1657 736 1747 774 sede

225 789 658 839 Constantinopolitana
680 791 855 840 pulsum,
887 792 1014 830 altera
1040 792 1223 831 defuncto
1255 793 1388 830 subita
1418 795 1543 831 morte
1567 793 1747 843 Agapeto
1775 830 1777 832 .

223 860 247 886 a
271 849 401 895 Mena,
436 849 503 898 qui
527 849 569 886 in
593 849 721 887 locum
746 849 938 887 Anthimii
965 852 1165 899 promotus
1190 845 1363 904 erat.¹¹⁷)
1414 851 1459 889 In
1484 851 1581 890 actis
1606 852 1747 890 harum

223 906 461 956 synodorum
486 907 640 945 obviam
666 910 758 945 sunt
789 907 953 946 duorum
978 908 1202 958 Sergiorum
1228 909 1397 947 nomina.
1445 909 1620 947 Primum
1645 910 1748 949 inter

224 977 302 1015 eos,
322 965 389 1015 qui
409 965 724 1014 subscripserunt
741 965 875 1004 libello
890 966 1100 1015 „Marciani
1118 967 1339 1018 presbyteri
1358 971 1397 1006 et
1416 968 1595 1016 primatis
1615 981 1746 1007 mona·

225 1024 386 1062 chorum
417 1024 548 1073 regiae
573 1023 742 1062 civitatis
774 1027 814 1062 et
844 1028 1059 1063 ceterorum
1086 1026 1476 1064 archimandritarum
1503 1026 1676 1065 eiusdem
1707 1030 1748 1065 et

223 1081 617 1120 archimandritarum
649 1084 688 1119 et
712 1083 986 1121 monachorum
1011 1083 1370 1133 Hierosolymorum
1402 1096 1446 1122 ac
1477 1083 1747 1123 orientalium“

221 1139 402 1190 Agapeto
422 1141 470 1178 de
489 1141 864 1179 excommunicandis
879 1141 1022 1180 Severo
1043 1144 1082 1179 et
1094 1142 1296 1181 Anthimio
1315 1142 1515 1192 proposito
1535 1146 1607 1193 est,
1627 1140 1683 1182 (ζέ
1697 1154 1746 1191 ρ-

221 1209 328 1244 *stoc
360 1196 693 1248 πρεεβύτεροε
723 1196 801 1237 καὶ
826 1197 1154 1248 περιοδεύτηε
1178 1199 1275 1239 τῶν
1300 1197 1453 1247 ἁγίων
1478 1198 1745 1249 ἐκκληειῶν

220 1254 500 1304 ἐπιχωρίων
542 1258 626 1305 τῆς
663 1254 859 1305 πρώτης
896 1255 1062 1306 (ύρων
1098 1254 1435 1311 ἐπαρχίαιῃδ)
1493 1259 1641 1298 Deinde
1678 1260 1745 1298 alii

220 1315 365 1362 libello,
391 1327 506 1365 quem
532 1315 578 1354 de
603 1316 739 1353 eadem
763 1327 881 1353 causa
906 1316 1078 1366 episcopi
1104 1319 1144 1354 et
1167 1317 1348 1356 monachi
1365 1317 1571 1356 maximam
1591 1321 1744 1367 partem

221 1373 431 1412 orientales
455 1373 628 1423 pontifici
652 1374 825 1413 Romano
851 1374 1114 1425 tradiderunt,
1146 1375 1376 1424 subscripsit
1401 1373 1602 1424 (Σέργιος
1627 1388 1743 1425 πρε-

220 1429 453 1480 εβύτεροε
484 1430 563 1470 καὶ
587 1430 916 1480 περιοδεύτηε
946 1433 1030 1481 τῆ(
1062 1433 1214 1481 μονῆς
1247 1429 1575 1487 Γινδάρου.“9)
1623 1434 1743 1485 Atqui

218 1491 258 1527 in
288 1503 450 1529 numero
481 1503 613 1529 eorum
645 1503 816 1541 quoque,
851 1491 919 1540 qui
948 1503 1035 1530 cum
1059 1491 1256 1531 Marciano
1287 1492 1337 1530 ad
1363 1493 1553 1542 synodum
1577 1493 1742 1531 alteram

217 1550 308 1598 post
338 1551 505 1587 mortem
535 1549 707 1599 Agapeti
737 1550 913 1588 habitam
951 1550 1111 1588 admissi
1148 1552 1255 1599 sunt,
1293 1548 1460 1598 cim-noc
1494 1551 1654 1601 quidam
1684 1553 1744 1590 est

220 1605 496 1656 πρεεβύτεροε
526 1605 592 1646 καὶ
623 1602 981 1659 περιοδεύτηε.120)
1031 1607 1107 1653 Qui
1138 1608 1232 1657 quin
1262 1608 1365 1646 idem
1391 1609 1443 1647 sit
1473 1611 1592 1659 atque
1616 1611 1742 1659 perio-

218 1666 338 1704 deuta
361 1666 508 1715 primae
534 1665 720 1715 Syrorum
747 1667 968 1716 eparchiae,
998 1679 1076 1705 non
1106 1669 1238 1716 potest
1267 1667 1456 1715 dubitari,
1487 1679 1575 1706 cum
1599 1668 1743 1707 diserte

217 1724 397 1762 dicantur
428 1724 547 1763 iidem
578 1738 665 1763 cum
687 1725 884 1764 Marciano
917 1725 1076 1763 admissi
1107 1737 1208 1773 esse,
1240 1725 1308 1774 qui
1337 1725 1472 1764 libello
1502 1738 1628 1776 papae
1657 1740 1743 1776 pro-

215 1782 343 1832 posito
381 1795 468 1821 cum
506 1796 550 1821 eo
589 1784 923 1833 subscripsissent.
938 1778 1005 1835 ¹²¹)
1067 1782 1278 1829 Quominus
1315 1784 1440 1834 igitur
1474 1785 1741 1834 periodeutam

215 1841 365 1890 primae
386 1841 571 1892 Syrorum
598 1842 801 1891 eparchiae
827 1855 913 1881 cum
938 1842 1086 1880 medico
1105 1841 1331 1880 Resainonsi
1356 1843 1650 1893 confundamus,
1675 1844 1741 1882 ob—

217 1901 300 1938 stat
330 1899 541 1938 dilucidum
566 1899 835 1940 testimonium
860 1900 1240 1939 Pseudo-Zachariae
1266 1900 1446 1950 Sergium
1473 1903 1563 1939 ante
1587 1901 1741 1952 Agape-

215 1959 302 1996 tum
326 1958 409 1997 vita
432 1959 607 1998 cessisse.
655 1958 800 1998 Contra
832 1956 1101 2007 περιοδεύτηε
1130 1959 1202 2007 τῆ(
1228 1959 1355 2008 μονῆς
1382 1957 1408 1998 Γ
1411 1956 1597 2008 ινδάρου,
1629 1960 1738 1999 cuius

214 2017 324 2054 nulla
352 2029 524 2067 unquam
555 2019 644 2066 post
667 2020 834 2057 mortem
858 2018 1031 2067 Agapeti
1054 2017 1200 2057 mentio
1224 2016 1286 2067 fit,
1316 2018 1402 2067 quis
1433 2018 1591 2056 tandem
1620 2018 1740 2057 fuerit

213 2075 289 2113 nisi
304 2074 463 2125 Sergius
477 2076 730 2115 Resamensis
739 2076 759 2114 ‘r'
785 2077 920 2126 Neque
938 2076 1040 2115 enim
1053 2076 1289 2126 persuadere
1301 2076 1398 2114 mihi
1410 2088 1580 2127 possum,
1598 2077 1739 2125 virum,

214 2133 323 2171 cuius
347 2135 483 2172 tantae
501 2135 658 2173 fuerant
682 2135 723 2172 in
747 2135 886 2173 itinere
906 2134 1076 2185 Agapeti
1099 2136 1244 2184 partes,
1269 2135 1385 2173 simul
1403 2147 1448 2173 ac
1466 2134 1737 2174 Constantino-

214 2192 321 2241 polin
340 2195 571 2241 perventum
592 2196 663 2242 est,
691 2194 807 2232 rebus
826 2194 1006 2244 gerendis
1024 2204 1185 2243 prorsus
1203 2193 1450 2232 abstinuisse.
1492 2193 1616 2232 Immo
1635 2193 1736 2232 Con-

213 2251 466 2300 stantinopoli
482 2251 662 2301 Sergium
681 2254 819 2291 contra
833 2252 1020 2291 Severum
1041 2254 1080 2290 et
1093 2251 1339 2290 Anthimium
1359 2251 1495 2303 egisse,
1513 2251 1589 2290 nisi
1607 2252 1736 2302 fallor,

211 2309 275 2347 vel
299 2310 548 2348 acerbissimo
574 2310 641 2348 illo
661 2310 1027 2360 Monophysitarum
1045 2310 1134 2349 odio
1159 2309 1556 2360 efficitur.—Itaque
1582 2323 1736 2349 mona-

211 2367 343 2405 chum
363 2367 578 2418 Sergium
596 2369 762 2419 fuisse⁷
783 2381 1029 2419 quamquam,
1049 2380 1150 2418 quae
1163 2368 1476 2418 periodeutarum
1496 2368 1537 2406 in
1554 2369 1734 2419 regendis

211 2427 458 2465 monasteriis
477 2430 612 2477 partes
632 2427 791 2477 fuerint,
817 2439 955 2477 parum
975 2427 1111 2477 liquet,
1138 2440 1184 2465 ex
1205 2427 1274 2465 illa
1293 2427 1574 2477 subscriptione
1593 2439 1733 2478 cogno-

211 2485 344 2523 scitur.
392 2485 438 2523 Id
470 2486 572 2536 quod
603 2498 691 2524 cum
716 2487 850 2533 certis,
882 2499 982 2536 quae
1007 2485 1055 2523 de
1079 2485 1148 2523 illo
1174 2488 1281 2534 sunt,
1311 2485 1544 2525 testimoniis
1573 2486 1732 2524 minime

210 2546 370 2594 pugnat.
408 2543 545 2594 Neque
565 2545 666 2582 enim
685 2545 961 2583 monachum
980 2543 1244 2582 archiatria
1261 2544 1469 2583 functum
1490 2556 1574 2583 esse
1590 2544 1731 2584 mirum

211 2603 272 2639 est
296 2614 343 2639 ea
367 2604 511 2653 aetate,
535 2615 612 2652 qua
636 2605 741 2641 artes
766 2603 999 2653 litteraeque
1024 2603 1107 2641 foro
1134 2604 1174 2640 et
1191 2603 1405 2653 gymnasiis
1422 2603 1559 2653 pulsae
1583 2602 1624 2641 in
1648 2616 1731 2640 um-

209 2659 370 2698 bracula
402 2661 727 2700 monasteriorum
760 2662 970 2711 confugere
1003 2661 1231 2710 coepissent.
1279 2660 1377 2699 Erat
1408 2662 1514 2699 certe
1543 2661 1730 2710 quaedam

208 2719 382 2758 muneris
401 2720 559 2769 species,
579 2733 679 2770 quae
697 2733 784 2759 cum
803 2720 1023 2759 conditione
1042 2719 1146 2758 vitae
1166 2721 1206 2758 et
1224 2719 1363 2759 studiis
1382 2719 1583 2758 doctorum
1601 2732 1731 2759 mona·

209 2777 368 2816 chorum
386 2778 503 2827 plane
521 2778 756 2818 conveniret.
793 2778 894 2816 Nam
914 2781 958 2817 ut
976 2778 1166 2828 omittam,
1186 2790 1284 2828 quae
1302 2777 1370 2816 alii
1389 2778 1503 2816 aliter
1521 2778 1568 2816 de
1581 2778 1728 2817 archia-

207 2835 287 2874 tria
305 2836 574 2875 disseruerunt
582 2831 662 2890 1²⁵²),
686 2837 880 2876 Briandus
901 2839 941 2876 et
959 2836 1204 2876 Salomonius
1213 2830 1281 2889 ¹²³)
1301 2837 1468 2887 quinque
1487 2836 1731 2875 constituunt

207 2894 492 2935 archiatrorum
512 2908 668 2947 genera.
707 2895 967 2947 Distinguunt
985 2896 1088 2934 enim
1106 2895 1211 2934 inter
1228 2895 1443 2934 archiatros
1463 2894 1559 2933 sacri
1580 2895 1729 2944 palatii,
