1820 3126
217 134 303 176 390
831 130 874 167 A.
892 130 1128 170 Baumstark:

219 245 298 285 vini
323 246 364 283 et
387 244 488 283 aceti
512 243 614 282 libro
632 241 742 293 VIII,
767 243 814 282 de
839 255 1004 283 uvarum
1029 255 1122 283 cura
1148 246 1188 284 et
1207 245 1410 284 duratione
1427 244 1495 294 IX,
1520 245 1568 284 de
1593 244 1748 285 cultura

221 304 327 342 horti
351 304 396 354 X,
421 302 555 342 oliveti
580 301 647 351 XI,
671 302 821 340 olerum
847 303 887 340 et
910 302 1048 340 florum
1077 302 1170 352 XII,
1196 304 1243 342 de
1267 315 1362 342 cura
1386 304 1613 343 animalium
1637 306 1678 342 et
1699 304 1748 343 de

219 362 450 412 quibusdam
474 361 579 399 horti
603 360 779 399 culturae
805 360 1012 409 paradoxis
1038 361 1153 412 XIII,
1184 362 1231 400 de
1257 362 1341 412 pice
1372 362 1537 412 denique
1570 362 1611 400 et
1634 362 1749 400 melle
1804 384 1807 386 >

219 420 324 460 XIV.
371 421 487 459 Patet
516 419 638 468 igitur
669 418 887 468 antiquitus
919 419 1152 467 pertinuisse
1184 421 1330 470 capita,
1367 433 1465 470 quae
1496 423 1750 459 numerantur
1803 463 1807 466 ,

221 481 261 518 111
279 478 410 518 codice
428 476 678 526 Londinensi,
703 477 744 515 II
767 478 832 526 15,
856 476 919 515 III
934 478 1000 527 14,
1016 479 1066 517 15
1094 478 1143 516 ad
1162 478 1305 517 librum
1324 479 1504 528 primum,
1529 477 1585 516 VI
1605 481 1642 529 1,
1660 480 1696 527 2,
1712 480 1748 526 3,

221 538 277 577 IX
299 540 335 588 1,
357 539 379 576 2
402 536 451 574 ad
470 536 614 574 librum
634 535 813 584 quintum
833 535 888 573 IX
912 536 1093 584 14—18‚
1116 536 1172 574 XI
1187 538 1298 575 1—3
1319 537 1368 575 ad
1388 537 1531 575 librum
1550 537 1750 576 decimum.

223 596 373 635 Deinde
397 596 438 633 in
462 594 628 644 singulis
654 606 807 643 quoque
832 593 944 632 libris
976 594 1165 644 quaedam
1197 595 1326 645 capita
1358 595 1480 634 iustos
1506 597 1547 633 et
1570 596 1751 645 antiquos

219 656 323 694 locos
359 666 437 692 non
471 655 700 701 tenuerunt,
737 652 846 691 velut
870 652 908 690 ΙΙ
937 653 1002 702 17,
1041 653 1143 702 quod
1174 653 1285 692 initio
1317 653 1427 703 libri,
1463 653 1520 691 VI
1547 654 1618 700 15,
1649 653 1752 703 quod
1814 697 1820 710 ³

224 716 314 752 ante
333 712 390 751 VI
410 713 447 762 5,
467 711 523 749 VI
546 713 610 762 17,
630 711 733 761 quod
753 710 890 749 statim
908 713 998 760 post
1017 711 1073 749 VI
1088 713 1125 762 2,
1146 711 1243 750 VIII
1264 713 1329 758 35,
1349 712 1452 760 quod
1472 713 1561 750 ante
1575 711 1670 750 VIII
1686 713 1753 762 32,
1812 742 1820 763 :-

227 772 325 811 VIII
345 772 412 817 41,
437 769 542 820 quod
565 771 670 808 certe
695 771 786 808 ante
812 781 858 807 ea
883 770 1021 818 capita,
1048 770 1189 818 quibus
1215 770 1263 808 de
1287 770 1388 808 aceti
1413 769 1690 819 compositione
1715 772 1755 809 et
1816 767 1820 821 2

228 843 322 870 cura
352 828 609 880 praecipitur,
638 828 860 877 ponendum
892 830 963 867 est.
1013 827 1089 866 Sed
1117 841 1196 867 non
1227 829 1352 867 solum
1388 840 1593 877 perperam
1628 830 1753 867 trans-

223 889 351 939 posita
383 889 474 926 sunt
503 887 544 925 in
575 886 703 925 codice
730 886 967 924 Londinensi
997 886 1153 937 integra
1183 885 1372 925 versionis
1405 885 1586 936 Syriacae
1617 887 1754 936 capita,

228 960 365 987 verum
390 946 510 985 etiam
533 957 695 995 prorsus
721 945 873 984 omissa.
918 943 1047 994 Caput
1071 944 1163 983 libri
1181 945 1222 983 H
1247 946 1398 982 sextum
1422 943 1463 982 in
1487 944 1616 983 codice
1639 957 1756 983 manu

227 1006 370 1055 scripto
396 1004 550 1044 omnino
576 1004 727 1042 nullum
752 1004 821 1042 est.
871 1002 952 1041 Sub
976 1002 1093 1041 finem
1121 1003 1213 1041 libri
1235 1002 1296 1041 111
1326 1002 1468 1041 desunt
1497 1002 1544 1042 de
1574 1003 1756 1052 operibus

227 1064 425 1104 mensibus
439 1062 652 1102 Novembri
666 1065 705 1100 et
717 1061 920 1100 Decembri
940 1061 1260 1101 convenientibus
1278 1064 1500 1111 praecepta.
1537 1061 1582 1100 G.
1597 1061 1633 1100 S.
1647 1061 1688 1102 H
1704 1062 1753 1100 11

229 1119 304 1175 (ed.
327 1122 506 1172 Lagarde
524 1134 588 1171 pg.
610 1122 647 1169 5,
667 1116 754 1172 28),
772 1120 812 1158 id
832 1120 935 1169 quod
953 1120 1031 1158 iam
1050 1120 1194 1169 monui,
1218 1119 1429 1169 respicitur
1448 1122 1564 1169 caput
1582 1120 1629 1158 de
1647 1120 1757 1170 plan-

227 1182 377 1221 tatione
402 1180 601 1230 capparis,
633 1179 743 1218 cuius
774 1190 823 1216 ne
853 1179 1017 1217 verbum
1047 1178 1203 1228 quidem
1233 1177 1406 1217 continet
1431 1179 1550 1217 codex
1574 1177 1759 1229 Syriacus

230 1239 499 1289 Londinensis,
517 1239 795 1288 argumentum
813 1236 981 1276 Arabice
1001 1248 1228 1286 expressum
1245 1236 1370 1287 Kosta
1388 1236 1571 1276 servavit.
1611 1237 1759 1275 Eodem

232 1297 436 1338 referenda
462 1299 553 1335 sunt
578 1309 624 1335 ea
648 1295 837 1345 exempla,
862 1295 928 1334 ubi
954 1295 1025 1334 sub
1051 1295 1187 1334 eodem
1210 1307 1372 1334 numero
1398 1295 1564 1334 duorum
1589 1295 1760 1344 capitum

231 1357 341 1396 tituli
366 1355 568 1405 compositi
593 1356 704 1403 sunt,
735 1365 756 1392 e
781 1353 923 1404 quibus
948 1354 1116 1392 alterum
1139 1366 1218 1392 11011
1242 1353 1409 1392 habetur
1432 1354 1473 1392 in
1498 1353 1626 1392 codice
1650 1354 1761 1392 velut

231 1417 272 1454 II
293 1409 437 1468 27176),
456 1414 513 1452 VI
535 1407 679 1464 13177),
697 1411 793 1451 XIII
813 1406 957 1464 31.²⁷⁸)
1005 1412 1182 1463 Denique
1207 1411 1311 1451 circa
1335 1412 1464 1461 capita
1488 1412 1585 1450 XIII
1605 1413 1671 1462 55,
1693 1413 1759 1462 56,

233 1476 304 1522 57,
333 1475 404 1524 65,
431 1474 484 1512 66
519 1484 637 1522 quam
666 1470 833 1509 maxime
863 1471 1092 1510 lacunosum
1123 1482 1207 1510 esse
1241 1472 1465 1510 contextum
1498 1470 1760 1520 expositionis,

232 1545 362 1583 nemo,
392 1531 468 1570 nisi
499 1531 629 1570 omnia
658 1542 720 1568 me
744 1529 906 1580 fallunt,
938 1529 1008 1578 sit,
1040 1530 1133 1579 quin
1156 1529 1298 1568 videat.
1327 1549 1376 1556 —
1404 1529 1535 1567 Etiam
1560 1529 1658 1567 illud
1681 1541 1759 1568 non

181 1588 183 1590 ’
232 1604 321 1630 raro
346 1591 404 1642 fit,
435 1592 480 1628 ut
503 1589 658 1639 singula
681 1588 811 1638 capita
834 1587 1043 1626 manifesto
1069 1599 1116 1626 ex
1139 1587 1317 1637 pluribus
1342 1587 1509 1626 conflata
1532 1587 1627 1638 sint,
1658 1599 1758 1637 quae

231 1650 389 1700 propria
402 1648 596 1698 quondam
610 1649 650 1686 et
662 1646 765 1685 inter
778 1658 818 1685 se
833 1646 1015 1685 distincta
1028 1646 1271 1696 exstiterant,
1284 1646 1394 1685 velut
1406 1645 1447 1684 II
1460 1647 1575 1695 5,24,
1584 1646 1715 1696 27,V1
1726 1647 1763 1694 7,

233 1709 266 1746 Χ
282 1711 319 1756 9,
334 1709 396 1755 10,
411 1709 476 1757 11,
490 1709 554 1756 19,
573 1705 670 1743 VIII
683 1706 749 1756 34,
768 1704 825 1743 IX
838 1706 902 1753 12,
922 1704 1000 1743 XII
1015 1706 1079 1755 12,
1097 1704 1194 1743 XIII
1206 1706 1271 1744 53.
1315 1704 1461 1743 Contra
1478 1704 1596 1743 semel
1615 1704 1762 1743 factum

237 1770 310 1817 est,
342 1769 386 1804 ut
409 1778 530 1804 unum
555 1766 673 1814 caput
697 1763 903 1813 antiquum
928 1764 969 1801 in
993 1764 1164 1813 quatuor
1187 1775 1290 1802 nova
1314 1762 1579 1802 divelleretur.
1626 1762 1761 1812 Neque

235 1826 336 1864 enim
361 1824 534 1862 dubitari
559 1823 687 1874 debet,
712 1822 805 1872 quin
829 1821 1045 1871 antiquitus
1070 1834 1191 1860 unum
1216 1821 1263 1859 de
1288 1833 1419 1860 mense
1436 1821 1620 1860 Ianuario
1646 1823 1764 1871 caput

235 1883 456 1923 constiterit
486 1895 532 1921 ex
563 1882 636 1932 eis,
674 1893 772 1931 quae
802 1881 844 1918 in
874 1880 1002 1918 codice
1034 1879 1271 1919 Londinensi
1311 1879 1499 1929 leguntur
1533 1892 1603 1929 per
1635 1880 1764 1929 capita

236 1942 298 1981 III
320 1942 432 1981 1—4
452 1940 672 1979 distributa.
693 1961 750 1966 —
769 1938 845 1977 Sed
870 1940 933 1977 sat
956 1939 1092 1977 multis
1117 1938 1268 1977 indiciis
1295 1937 1430 1977 videor
1447 1938 1542 1976 mihi
1568 1938 1763 1988 prolatam

237 2001 460 2051 opinionem
485 1998 712 2038 firmavisse.
755 1997 878 2036 Nemo
903 1997 944 2035 in
968 1997 1099 2036 codice
1117 1996 1354 2035 Londinensi
1379 1995 1508 2036 octavi
1530 1996 1670 2036 nonive
1694 1997 1764 2036 illo

238 2059 384 2098 saeculi
408 2070 485 2097 non
508 2057 656 2108 poterit
676 2068 885 2107 agnoscere
908 2055 1093 2094 miseram
1117 2055 1358 2105 sarturisque
1382 2054 1537 2094 foedam
1554 2055 1766 2105 epitomam

237 2117 465 2158 recentioris
491 2115 681 2165 monachi,
701 2115 768 2166 qui
787 2127 885 2164 opus
904 2113 1062 2165 aliquod
1079 2113 1324 2164 antiquitatis
1342 2113 1600 2152 clarissimum
1624 2113 1767 2152 iniuria

236 2179 459 2226 temporum
484 2175 689 2214 disiectum
722 2175 762 2212 et
789 2173 991 2212 confusum
1021 2185 1091 2222 pro
1116 2172 1221 2212 virili
1243 2174 1354 2222 parte
1379 2171 1536 2211 reficere
1561 2171 1764 2211 studuerit.

346 2235 482 2273 Licet
505 2233 658 2283 igitur
683 2234 949 2271 statuamus
973 2243 1041 2280 ea,
1066 2242 1182 2281 quae
1200 2231 1347 2281 Kosta
1371 2232 1451 2269 aut
1475 2229 1602 2269 solus
1627 2243 1765 2279 prae-

238 2295 322 2333 bet
352 2295 434 2332 aut
464 2304 563 2332 cum
594 2290 876 2340 Geoponicis
908 2288 1100 2329 Graecis
1137 2290 1212 2330 vel
1241 2289 1455 2328 Palladio
1491 2289 1767 2356 communia,

241 2352 495 2392 exstitisse
520 2352 659 2390 antea
688 2350 735 2387 111
759 2348 974 2398 pleniore
998 2349 1084 2388 illo
1109 2360 1248 2398 opere
1273 2347 1481 2398 syriaco,
1512 2347 1644 2386 cuius
1669 2347 1765 2397 epi-

243 2414 415 2450 tomam
440 2409 581 2449 codex
605 2407 833 2458 Lagardii
858 2407 1080 2446 continet.
1121 2406 1205 2445 Illis
1231 2408 1363 2445 autem
1386 2405 1490 2455 locis,
1516 2405 1657 2456 quibus
1682 2406 1766 2444 uni-

245 2482 360 2509 versa
373 2470 422 2508 de
434 2481 477 2507 re
496 2467 675 2507 convenit
700 2479 788 2505 cum
801 2465 900 2516 Syro
912 2465 1052 2516 Arabs,
1072 2465 1237 2515 singulis
1257 2464 1461 2515 discrepat,
1479 2465 1542 2503 vel
1560 2466 1767 2514 propterea

246 2529 329 2567 veri
361 2527 487 2566 simile
517 2529 578 2565 est
606 2526 647 2564 in
671 2525 800 2564 codice
824 2496 1060 2563 Londinensi
1083 2523 1352 2574 epitomatoris
1376 2534 1533 2561 manum
1557 2534 1765 2572 agnoscen-

247 2587 337 2626 dam
363 2598 460 2635 esse,
485 2585 589 2635 quod
613 2596 746 2623 omnes
770 2583 851 2622 fere
876 2582 927 2622 ad
945 2595 992 2621 ea
1009 2582 1138 2633 capita
1155 2582 1342 2621 versionis
1361 2580 1541 2631 Syriacae
1559 2582 1768 2632 pertinent,

249 2645 316 2684 ubi
341 2645 510 2683 multum
536 2643 583 2682 de
608 2643 787 2681 ubertate
811 2641 963 2692 antiqui
988 2641 1114 2691 operis
1141 2641 1357 2680 detractum
1379 2651 1462 2679 esse
1481 2640 1596 2678 certis
1615 2639 1767 2679 indiciis

244 2703 425 2743 efficitur.
475 2702 581 2748 Quae
606 2714 693 2741 cum
716 2700 774 2739 ita
798 2699 894 2748 sint,
919 2699 1023 2738 ultro
1049 2712 1091 2738 se
1115 2699 1229 2739 offert
1252 2698 1472 2738 coniectura
1501 2698 1769 2748 fragmenta

244 2762 567 2801 Londinensia
604 2760 827 2809 excerpta
863 2770 962 2797 esse
997 2770 1050 2796 ex
1086 2758 1188 2797 illis
1224 2756 1379 2807 Sergii
1415 2757 1469 2795 de
1504 2769 1554 2795 re
1589 2757 1768 2795 rustica

243 2821 407 2869 libris,
444 2831 558 2869 quos
589 2818 783 2869 Kostam
814 2816 1014 2855 Arabice
1049 2815 1253 2855 vertisse
1282 2814 1596 2866 probavimus.
1644 2815 1768 2854 Pluri-

248 2892 332 2919 mos
365 2878 502 2928 etiam,
533 2878 567 2916 si
598 2875 817 2916 accuratius
848 2877 1086 2925 spectamus,
1115 2886 1297 2914 numeros
1326 2873 1614 2924 probabilitatis
1639 2873 1769 2914 habet.
