1820 3126
218 110 303 152 424
824 113 865 148 Δ.
892 111 1129 149 Baumstark:
1788 0 1820 178 1

220 216 320 273 (res)
347 222 490 260 additis
515 222 717 260 adieetivis
743 223 852 261 velut
876 223 995 261 Arist.
1021 223 1068 262 de
1092 224 1221 263 mund.
1246 225 1293 263 A.
1314 225 1351 264 s,
1375 227 1473 274 135,
1496 228 1560 276 13,
1583 227 1647 276 15,
1670 228 1742 276 22,
1816 198 1820 201 ’

222 281 507 329 145,12,17,
537 281 637 330 148,
668 282 712 331 5,
737 280 854 320 isocr.
878 282 926 320 ad
951 281 1191 322 11511146.
1221 284 1317 331 164,
1345 286 1417 334 27,
1446 286 1545 334 173,
1574 286 1644 332 27,
1670 286 1742 334 3ο,

222 340 315 388 174,
336 340 379 386 3,
407 340 502 389 175,
525 340 681 389 11,12,
707 338 894 379 Themist.
919 340 966 379 de
991 340 1101 379 amic.
1126 339 1386 390 1.S.54,1o.
1801 335 1820 522 Α

334 402 586 441 Adiectiva
611 403 873 453 composita
898 403 1025 442 solent
1043 405 1205 453 exprimi
1228 418 1298 455 per
1321 406 1569 456 participium
1595 407 1658 446 vel
1677 408 1742 446 ad-

221 461 405 499 iectivum
430 461 470 498 111
495 462 603 499 statu
629 462 849 500 constructo
874 463 1062 512 positum,
1094 463 1195 501 unde
1225 463 1369 513 pendet
1393 465 1681 504 substantivum
1705 466 1744 504 in
1815 495 1820 509 .

219 519 393 569 genitivo
418 519 600 568 positum.
649 519 838 569 Exempla
869 524 959 558 sunt
990 520 1030 559 in
1062 533 1222 560 numero
1253 534 1402 572 eorum,
1434 535 1533 573 quae
1566 524 1744 574 congessi
1800 516 1820 534 '⁹

220 578 269 616 ad
296 590 408 616 usum
435 580 563 616 status
587 579 801 617 constructi
825 579 1112 618 illustrandum.
1161 580 1265 619 Raro
1290 581 1335 619 fit
1359 583 1404 619 ut
1428 582 1621 621 adiectiva
1645 595 1745 621 com-

220 636 350 685 posita
381 636 649 686 exprimantur
684 649 753 686 per
782 637 1007 687 participia,
1046 650 1070 676 a
1105 639 1245 688 quibus
1275 639 1458 679 infinitivi
1495 642 1564 678 aut
1594 640 1747 691 integra
1818 643 1820 647 ’

221 694 424 732 enuntiata
448 694 581 733 finalia
604 696 668 734 vel
692 696 939 734 consecutiva
963 696 1146 747 pendent,
1171 698 1280 736 velut
1301 698 1419 737 Isocr.
1444 698 1492 736 ad
1513 698 1621 737 Dem.
1642 699 1688 737 A.
1707 698 1744 737 S.

224 754 317 800 173,
339 754 412 802 15,
437 752 529 791 Luc.
555 754 600 791 de
627 754 696 792 cal.
721 753 751 791 Ι.
772 753 808 792 S.
831 755 867 802 6,
889 755 960 803 11,
983 755 1046 803 14,
1069 756 1103 792 7.
1152 754 1357 804 Propriam
1383 757 1549 805 speciem
1573 757 1746 796 efficiunt

220 811 458 850 adiectiva
482 811 706 861 negativa
738 812 905 851 conflata
929 825 975 850 ex
999 813 1200 852 adiectivis
1225 813 1465 863 simplicibus
1499 818 1540 853 et
1567 825 1594 853 α
1616 815 1744 865 priva-

220 881 315 920 tivo.
352 881 582 920 Redduntur
602 883 670 920 aut
693 881 856 932 integris
876 883 1081 925 sententiis
1099 883 1275 923 relativis
1294 886 1364 922 aut
1382 897 1452 933 per
1475 878 1522 935 u?
1547 886 1588 923 et
1607 896 1747 923 nomen

222 952 514 991 substantivum
533 952 614 990 sive
633 952 780 990 nudum
801 952 882 992 sive
901 965 988 991 cum
1007 953 1294 1002 praepositione
1314 954 1499 993 iunctum.
1537 953 1743 993 Sollemnis

220 1012 261 1049 in
281 1011 364 1050 eius
383 1011 489 1049 modi
509 1011 852 1059 compositionibus
871 1011 1066 1060 negativis
1086 1013 1147 1050 est
1165 1024 1259 1050 usus
1279 1014 1406 1051 status
1427 1013 1608 1051 absoluti.
1652 1013 1748 1052 Inde

220 1070 368 1108 factum
395 1071 464 1119 est,
491 1071 536 1107 ut
555 1070 732 1119 exempla
751 1069 976 1119 colligerem
1000 1070 1135 1118 multa,
1163 1082 1252 1109 cum
1271 1070 1319 1108 de
1338 1073 1445 1110 statu
1465 1071 1646 1110 absoluto
1671 1071 1745 1110 dis-

222 1130 413 1178 putarem.
476 1127 625 1173 Quibus
657 1127 847 1177 quaedam
879 1128 1034 1174 addam,
1072 1141 1172 1178 quae
1202 1128 1423 1167 efficiuntur
1452 1130 1674 1168 nominibus
1709 1130 1744 1169 in

226 1189 333 1225 statu
353 1186 573 1236 emphatico
591 1186 748 1236 positis:
767 1186 887 1226 Arist.
908 1187 956 1224 de
975 1187 1105 1224 mund.
1126 1188 1173 1226 A.
1193 1186 1231 1225 S.
1247 1188 1342 1236 145,
1359 1190 1428 1238 15;
1445 1188 1564 1228 Isocr.
1578 1189 1627 1227 ad
1640 1188 1744 1228 Dem,

219 1245 266 1283 A.
287 1245 325 1283 S.
354 1246 447 1293 169,
470 1246 540 1294 11,
569 1246 751 1294 173,11,
773 1246 844 1294 12,
868 1244 961 1283 Luc.
986 1245 1033 1282 de
1057 1245 1128 1284 cal.
1153 1245 1184 1283 Ι.
1203 1245 1240 1284 S.
1267 1248 1304 1294 6,
1324 1247 1361 1285 8.

336 1308 413 1347 Sed
447 1309 685 1358 simplicia
715 1321 867 1358 quoque
898 1308 1136 1348 adiectiva
1165 1310 1247 1349 sive
1271 1310 1503 1350 attributiva
1531 1311 1612 1350 sive
1637 1324 1743 1360 prae·

221 1367 392 1407 dicativa
415 1367 562 1416 passim
586 1367 781 1417 interpres
800 1367 949 1406 directo
969 1368 1180 1406 transferre
1198 1368 1336 1419 noluit,
1361 1381 1462 1419 quae
1482 1369 1564 1408 sine
1582 1370 1746 1419 quadam

221 1426 402 1465 scabritie
429 1426 619 1464 sermonis
645 1438 722 1482 non
745 1428 888 1475 posset.
931 1426 1035 1464 Usus
1057 1428 1117 1464 est
1135 1426 1184 1465 ad
1203 1427 1476 1466 circumeunda
1494 1428 1577 1466 eius
1596 1428 1746 1478 generis

226 1485 421 1523 adiectiva
445 1486 516 1523 aut
535 1485 738 1523 sententiis
758 1484 934 1523 relativis
959 1485 1070 1524 velut
1087 1485 1208 1523 Arist.
1227 1485 1275 1524 de
1293 1486 1425 1524 mund.
1444 1486 1490 1525 A.
1511 1486 1546 1524 S.
1571 1487 1663 1534 138,
1678 1488 1746 1534 21,

225 1545 318 1590 139,
342 1544 378 1594 2,
401 1544 465 1591 12,
487 1544 559 1594 14,
586 1544 681 1593 141,
704 1543 755 1580 14
771 1555 812 1592 s.,
834 1544 904 1592 29,
933 1544 1031 1592 142,
1053 1544 1124 1594 27,
1153 1545 1345 1594 143,19,
1366 1545 1437 1594 21,
1465 1546 1564 1594 146,
1586 1546 1628 1595 2,
1657 1546 1747 1595 147,

227 1603 386 1651 14,15,
416 1603 510 1651 148,
532 1603 603 1651 27,
633 1603 727 1650 149,
749 1602 820 1650 24,
851 1602 943 1648 153,
966 1603 1007 1649 9,
1035 1603 1129 1651 154,
1151 1603 1193 1651 9,
1215 1603 1308 1647 155,
1331 1604 1400 1651 12,
1422 1605 1516 1652 156,
1538 1604 1608 1654 25,
1632 1603 1748 1641 Isocr.

222 1660 272 1698 ad
298 1659 407 1698 Dem.
432 1659 481 1699 A.
502 1659 540 1698 S.
569 1661 663 1709 171,
684 1661 737 1698 22
753 1672 800 1708 s.;
824 1660 919 1708 173,
938 1661 975 1710 8,
997 1661 1050 1698 28
1066 1672 1106 1707 8.,
1128 1662 1199 1710 29,
1226 1662 1562 1710 175,1;177,1;
1588 1661 1679 1700 Luc.
1704 1661 1749 1700 de

222 1719 292 1757 cal.
316 1718 347 1757 Ι.
377 1718 414 1758 S.
440 1720 484 1767 4,
506 1720 586 1768 2s.,
607 1719 650 1768 3,
678 1720 720 1768 6,
749 1720 819 1767 10,
846 1720 883 1767 7,
904 1720 927 1755 3
944 1730 985 1768 s.,
1006 1719 1079 1765 20,
1102 1720 1173 1767 21,
1200 1720 1244 1768 8,
1264 1720 1307 1768 8,
1333 1721 1376 1768 9,
1398 1721 1469 1770 13,
1491 1722 1562 1769 17,
1590 1721 1659 1767 15,
1680 1721 1749 1769 20,

223 1777 413 1815 Themist.
434 1777 481 1815 de
500 1777 610 1815 amic.
629 1777 660 1815 I.
680 1776 717 1814 S.
736 1778 803 1824 49,
825 1778 890 1826 21,
913 1777 985 1826 23,
1007 1777 1074 1823 51,
1098 1777 1168 1826 16,
1189 1778 1256 1828 52,
1278 1779 1329 1815 18
1345 1790 1387 1827 8.,
1407 1779 1462 1817 20
1477 1791 1523 1827 6.,
1549 1779 1615 1825 56,
1638 1779 1689 1816 16
1705 1790 1749 1827 3.,

222 1837 289 1886 57,
320 1837 391 1886 23,
419 1836 492 1885 65,
519 1837 561 1884 6,
586 1835 690 1873 Plut.
716 1835 763 1873 de
788 1835 912 1873 cohib.
938 1834 983 1873 ir.
1008 1834 1056 1872 A.
1083 1834 1120 1874 S.
1148 1836 1248 1885 188,
1269 1837 1341 1885 21,
1369 1837 1469 1885 192,
1490 1838 1527 1883 5,
1553 1839 1622 1874 aut
1645 1836 1749 1886 geni-

224 1894 316 1932 tivis
343 1894 424 1932 sive
443 1893 647 1943 qualitatis
672 1894 782 1932 velut
799 1893 916 1932 Isocr.
936 1892 985 1930 ad
1004 1892 1114 1931 Dem.
1135 1893 1183 1933 A.
1203 1893 1239 1932 S.
1262 1895 1355 1943 171,
1378 1897 1447 1944 11,
1476 1896 1570 1943 174,
1591 1896 1657 1943 20,
1678 1896 1750 1944 21,

222 1952 316 1991 Luc.
344 1953 391 1990 de
416 1952 486 1991 cal.
511 1951 542 1990 Ι.
563 1951 599 1990 S.
620 1953 658 2002 3,
679 1953 723 2002 3,
750 1953 815 2003 12,
837 1953 909 2002 21,
935 1951 1120 1990 Themist.
1146 1951 1194 1990 de
1218 1952 1327 1991 amic.
1347 1952 1378 1991 Ι.
1398 1951 1434 1990 S.
1456 1954 1523 2003 54,
1544 1954 1589 2003 4,
1610 1954 1676 2002 51,
1697 1955 1748 1992 25

223 2012 317 2059 sive,
342 2010 383 2049 id
407 2011 511 2060 quod
535 2010 701 2049 maxime
726 2010 772 2048 fit
795 2011 836 2048 in
858 2009 1118 2060 exprimendis
1138 2010 1339 2049 adiectivis
1360 2010 1635 2060 praedicativis
1659 2024 1750 2050 neu—

223 2069 324 2108 trius
348 2070 522 2118 generis,
547 2069 805 2118 possessionis
830 2069 943 2107 velut
968 2068 1088 2107 Arist.
1115 2068 1162 2106 de
1185 2069 1317 2107 mund.
1341 2068 1388 2107 A.
1409 2069 1448 2109 S.
1473 2071 1571 2119 138,
1595 2071 1664 2119 11,
1688 2071 1750 2117 16,

225 2129 296 2178 17,
331 2129 429 2175 139,
452 2129 523 2178 21,
558 2128 657 2177 140,
686 2130 728 2178 2,
755 2129 798 2173 3,
828 2129 869 2178 7,
895 2128 939 2178 8,
967 2128 1038 2177 11,
1066 2127 1166 2176 152,
1194 2127 1404 2177 1531socr.
1432 2127 1481 2166 ad
1505 2127 1615 2167 Dem.
1640 2128 1687 2166 A.
1711 2127 1749 2166 S.

226 2187 325 2237 170,
351 2188 395 2236 9,
426 2185 518 2225 Luc.
550 2186 597 2224 de
622 2187 693 2224 cal.
719 2187 748 2225 I.
775 2185 813 2224 S.
842 2188 911 2233 10,
941 2186 1010 2234 16,
1039 2187 1109 2235 17,
1139 2187 1181 2235 7,
1208 2187 1325 2237 1211,
1357 2186 1542 2225 Themist.
1571 2186 1618 2225 de
1643 2186 1751 2225 amic.

225 2245 255 2284 I.
282 2244 320 2284 S.
347 2246 412 2293 61,
433 2246 470 2283 8.

342 2309 519 2359 Denique
546 2309 648 2348 circa
672 2309 865 2348 adiectiva
889 2308 1123 2346 monendum
1149 2311 1210 2348 est
1233 2321 1257 2347 a
1281 2308 1391 2360 Syro,
1418 2311 1464 2347 ut
1486 2309 1594 2348 cuius
1618 2309 1754 2359 lingua

223 2374 489 2424 comparativo
520 2376 561 2412 et
594 2374 833 2423 superlativo
865 2376 1014 2423 careat,
1044 2374 1121 2413 nisi
1151 2374 1306 2423 integra
1337 2373 1574 2423 comparatio
1604 2386 1674 2423 per
1701 2380 1752 2434 ῳ

223 2443 553 2494 praepositionem
577 2443 731 2482 institui
754 2443 896 2494 possit,
928 2443 1298 2493 comparativum
1329 2445 1375 2482 et
1410 2443 1752 2492 superlativum

225 2517 294 2552 per
318 2503 531 2552 positivum
557 2501 721 2551 exprimi
746 2502 855 2540 velut
878 2502 998 2540 Arist.
1025 2502 1072 2540 de
1096 2501 1226 2540 mund.
1252 2501 1298 2541 A.
1319 2500 1356 2540 S.
1384 2502 1479 2549 136,
1501 2502 1571 2551 29,
1594 2502 1687 2549 138,
1708 2503 1753 2552 6,

229 2564 323 2612 140,
344 2563 414 2612 27,
444 2562 537 2610 142,
557 2562 601 2609 4,
630 2562 724 2606 145,
746 2561 788 2609 9,
816 2561 910 2609 148,
931 2561 973 2610 3,
1000 2561 1094 2608 151,
1117 2562 1187 2610 18,
1217 2561 1310 2607 155,
1333 2561 1517 2609 123156,
1540 2561 1609 2611 18,
1634 2560 1750 2599 Isocr.

226 2621 276 2658 ad
300 2620 409 2659 Dem.
435 2620 482 2657 A.
502 2619 538 2658 S.
568 2620 662 2668 167,
682 2619 960 2668 293170,18;
989 2620 1082 2668 174,
1105 2621 1174 2668 14,
1197 2619 1291 2669 176,
1311 2620 1355 2669 8,
1378 2617 1470 2657 Luc.
1496 2618 1542 2656 de
1568 2618 1638 2656 cal.
1662 2618 1692 2657 Ι.
1713 2617 1750 2657 S.

227 2680 265 2726 5,
286 2680 357 2727 23,
386 2681 422 2725 7,
444 2680 515 2726 21,
544 2680 608 2728 10,
630 2678 700 2724 22;
729 2678 792 2724 12,
816 2678 887 2726 19,
916 2679 985 2726 14,
1007 2679 1050 2728 6,
1078 2679 1148 2727 15,
1170 2679 1213 2727 6,
1237 2676 1425 2715 Themist.
1451 2675 1498 2715 de
1522 2676 1631 2715 amic.
1658 2676 1687 2714 I.
1713 2676 1751 2716 S.

227 2739 294 2785 51,
318 2738 389 2786 18,
416 2738 482 2786 57,
504 2738 558 2775 20
579 2749 607 2775 s.

346 2794 585 2834 Adverbia
609 2793 911 2843 locutionesque,
938 2794 971 2831 si
997 2794 1124 2833 dicere
1149 2793 1209 2832 fas
1229 2795 1300 2844 est,
1324 2792 1578 2842 adverbiales,
1604 2805 1702 2843 quae
1727 2805 1751 2831 a

228 2853 387 2893 Graecis
406 2853 531 2891 instar
550 2855 620 2892 aut
637 2852 916 2892 adiectivorum
935 2852 1255 2893 attributivorum
1270 2852 1373 2891 inter
1388 2852 1596 2890 articulum
1609 2853 1649 2890 et
1661 2852 1750 2890 sub—
