1820 3126
209 101 294 144 456
659 68 663 73 ²
824 99 868 136 A.
889 99 1116 136 Baumstark:

214 211 376 262 κοήθει(
410 209 527 250 αὐτοὶ
567 207 841 260 ἁρμοζόμενοι
878 208 1140 259 εὐετοχοῡειν
1189 211 1215 249 S
1249 209 1315 250 καὶ
1346 209 1412 250 διὰ
1444 211 1570 251 τοῦτο
1603 209 1741 251 εὐετο-
1819 196 1820 200 ¹

215 272 355 320 χοῦειν
364 265 448 321 ⁰⁴⁸),

330 328 458 367 XXIV
485 330 582 378 429,
611 329 635 366 2
661 328 740 367 lbb.
765 327 850 366 Grr.
875 325 951 376 τὴν
976 325 1080 376 πρὸ(
1105 325 1203 366 τοὺ(
1228 323 1458 367 ἀκούοντα(
1484 325 1653 367 εὐνοίαν
1677 325 1742 375 ἐμ-

217 388 346 437 φῆναι
366 384 690 435 προαιρούμενοι
727 385 752 424 S
777 384 853 435 τὴν
877 383 982 434 πρὸ(
1006 384 1104 425 τοὺς
1132 382 1362 425 ἀκούοντα(
1387 383 1556 426 εὐνοίαν
1578 385 1744 425 κτᾶεθαι
1818 390 1820 406 ²

214 442 301 499 (vel
326 446 452 484 simile
478 439 646 497 aliquid)
670 439 1082 495 upoutpofiuev01.⁶⁴⁴)

333 504 507 552 Utroque
539 504 622 542 loco
651 505 815 552 apparet
844 503 1020 542 versione
1046 502 1208 552 Syriaca
1238 502 1488 542 subditicium
1520 514 1745 552 expressum

217 575 313 611 esse,
332 575 408 611 quo
427 562 658 611 interposito
678 561 818 611 aliquis
833 562 1011 599 lacunam
1030 563 1232 600 contextus
1251 573 1390 611 parum
1404 561 1570 599 feliciter
1583 564 1744 600 conatus

222 622 327 660 esset
352 620 518 670 explere.
560 619 645 658 Iam
663 619 841 669 quaestio
861 619 1045 669 exoritur,
1070 619 1231 658 lacunae
1256 619 1357 658 istae
1381 621 1514 657 utrum
1539 620 1617 657 iam
1641 620 1680 657 in
1700 631 1745 658 eo

219 679 407 729 exemplo,
433 679 481 717 de
505 691 581 728 quo
606 678 632 716 S
657 678 937 727 transscriptus
963 680 1034 728 est,
1058 680 1141 716 tam
1157 678 1298 716 misere
1319 678 1495 727 expletae
1514 677 1672 728 fuerint,
1697 690 1747 715 an

217 737 406 776 resarcire
431 739 656 776 contextum
681 737 721 775 in
746 737 921 785 exemplo
953 736 1027 774 sibi
1055 736 1256 785 proposito
1281 736 1506 774 lacunosum
1531 736 1747 774 exhibitum

218 797 263 846 is,
294 796 361 845 qui
383 795 529 834 librum
548 795 574 833 S
599 794 785 841 exaravit,
811 795 960 844 primus
987 796 1148 832 conatus
1172 794 1235 832 sit.
1278 793 1385 839 Quae
1410 806 1646 844 quamquam
1664 806 1749 843 pro-

219 855 349 904 fligari
367 854 433 893 vix
451 855 594 904 potest,
615 857 748 892 tamen
767 852 945 902 equidem
964 852 1090 891 multo
1109 852 1337 902 propensior
1356 864 1402 891 eo
1421 864 1520 902 sum,
1538 853 1585 891 ut
1602 852 1750 891 inserta

221 914 292 951 illa
310 913 360 951 ab
381 925 437 960 eo,
457 913 522 963 qui
543 912 814 963 apographum
828 910 1060 961 Sergianum
1081 910 1246 960 scripsit,
1265 911 1487 960 excogitata
1504 922 1591 949 esse
1604 913 1750 960 putem.

223 972 324 1011 Tota
348 971 453 1010 enim
477 971 622 1009 saeculi
647 970 773 1019 quinti
800 969 947 1008 sextive
972 969 1202 1019 languorem
1226 969 1415 1007 redolent.
1816 966 1820 975 ³

339 1029 531 1069 Converto
556 1041 619 1067 me
643 1028 693 1067 ad
718 1040 765 1067 ea
788 1027 939 1077 menda,
965 1040 1063 1077 quae
1088 1028 1174 1066 tota
1198 1027 1242 1075 is,
1269 1027 1335 1076 qui
1353 1028 1495 1066 librum
1517 1027 1543 1065 S
1563 1027 1751 1076 exaravit,
1810 1059 1812 1062 ,

218 1089 266 1127 de
300 1089 477 1137 exemplo
511 1100 580 1126 suo
611 1086 924 1135 transscripsisse
957 1086 1121 1124 videtur.
1170 1086 1301 1136 Atque
1332 1086 1430 1124 duae
1463 1085 1620 1136 quidem
1650 1085 1752 1124 inter
1810 1117 1814 1127 ,

220 1149 375 1186 veteres
400 1146 490 1185 illas
516 1145 758 1195 corruptelas
784 1148 891 1192 sunt,
923 1157 1022 1193 quae
1051 1144 1155 1182 inter
1186 1145 1404 1193 exemplum
1429 1144 1527 1182 illud
1559 1146 1598 1182 et
1623 1144 1752 1183 arche·
1812 1156 1815 1183 ὲ

222 1208 362 1256 typum
390 1205 595 1251 librorum,
627 1204 693 1252 qui
725 1203 851 1241 adhuc
882 1203 1094 1241 examinati
1126 1206 1233 1253 sunt,
1263 1202 1499 1242 Graecorum
1529 1202 1753 1242 convenisse
1814 1192 1816 1206 ⁵

219 1264 419 1303 videntur:

338 1321 435 1359 XIII
461 1322 557 1368 425,
585 1321 638 1359 38
658 1333 688 1358 s.
713 1320 791 1359 lbb.
817 1318 903 1358 Grr.
929 1314 1021 1358 ἀλλ’
1045 1316 1092 1358 ἑν
1116 1315 1253 1370 τούτῳ
1283 1317 1332 1358 τὸ
1363 1318 1448 1358 πᾶν
1478 1315 1620 1358 αὐτοῖς
1645 1316 1752 1358 ἑετὶν

221 1378 370 1429 ἔργον,
403 1375 606 1418 δεδοικόει
631 1390 668 1417 τι
699 1374 913 1426 προεάψαι
944 1373 1118 1428 ἀπῳδὸν
1149 1375 1249 1426 μηδὲ
1281 1373 1503 1426 ἀλλότριον
1527 1372 1648 1430 (unus
1672 1378 1753 1416 cod.

220 1440 254 1477 Y
276 1452 373 1478 corr.
398 1437 423 1487 ἢ
449 1435 516 1476 καὶ
539 1431 733 1489 ἀπῳδόν)
764 1436 800 1474 ⁴S
827 1432 920 1475 ἀλλ’
938 1434 985 1475 ἐν
1008 1433 1146 1487 τούτῳ
1170 1433 1219 1475 τὸ
1239 1435 1323 1483 πᾶν
1342 1432 1484 1475 αὐτοῖς
1502 1433 1610 1475 ἑετὶν
1629 1432 1754 1484 ἔργον

223 1496 276 1547 μή
303 1509 341 1535 τι
367 1493 581 1546 προεάψαι
605 1492 780 1546 ἀπῳδὸν
811 1492 913 1544 μηδὲ
939 1490 1174 1543 ἀλλότριον.
1222 1494 1375 1533 Neutra
1400 1495 1591 1544 scriptura
1614 1495 1755 1544 placet.

222 1556 298 1594 Sed
332 1557 589 1595 correctorem
613 1554 797 1603 Aldinae,
828 1566 940 1603 quem
974 1565 1106 1591 omnes
1138 1553 1304 1591 editores
1330 1553 1453 1591 secuti
1478 1556 1585 1601 sunt,
1617 1565 1754 1592 verum

222 1627 300 1653 non
335 1614 529 1653 invenisse
562 1626 608 1651 ex
631 1612 810 1651 versione
835 1612 997 1662 Syriaca
1020 1614 1229 1661 comparet.
1279 1611 1395 1649 Sedes
1426 1610 1670 1660 corruptelae
1694 1613 1756 1649 est

223 1675 315 1723 post
351 1668 489 1720 ἔργον.
538 1671 599 1710 Ibi
630 1670 848 1720 antiquitus
886 1670 1041 1708 videtur
1076 1670 1217 1708 lacuna
1253 1669 1390 1717 fuisse,
1427 1682 1528 1719 quae
1564 1669 1679 1708 aliter
1713 1669 1755 1707 in

225 1732 438 1781 archetypo
463 1730 651 1769 librorum
678 1729 933 1776 Graecorum,
963 1728 1080 1767 aliter
1110 1728 1149 1766 in
1181 1729 1373 1778 exemplo,
1405 1728 1451 1766 de
1477 1740 1553 1778 quo
1579 1727 1604 1765 S
1630 1730 1755 1766 trans-

226 1790 396 1839 scriptus
421 1791 495 1837 est,
520 1791 605 1827 erat
629 1782 871 1839 expletam)

339 1848 430 1886 XIX
450 1849 547 1897 427,
568 1849 623 1886 30
638 1859 665 1886 s.
691 1846 770 1884 lbb.
791 1845 876 1883 Grr.
897 1848 937 1883 et
955 1844 981 1883 S
1006 1840 1075 1883 οἶα
1100 1841 1208 1883 εἰκὸς
1233 1841 1500 1892 ἁλιεκομένηε
1525 1844 1661 1892 ψυχῆς
1686 1842 1752 1883 καὶ

222 1904 649 1955 ἐξηνδραποδιεμένηε
674 1901 777 1952 ἔργα
803 1900 919 1951 εἶναι,
943 1903 1013 1942 ubi
1037 1899 1140 1951 ἔργα
1159 1899 1264 1942 εἶναι
1289 1915 1359 1942 suo
1379 1903 1462 1940 iure
1481 1902 1751 1941 Rothsteinius

227 1966 347 2004 deleri
373 1965 492 2003 iubet.
541 1964 682 2002 Misere
707 1963 809 2000 enim
834 1962 955 2001 verba
979 1955 1255 2012 languent.⁶⁴⁶)
1386 1970 1390 1974 ·

341 2023 461 2063 Porro
487 2022 720 2072 quinquiens
746 2021 899 2059 videtur
922 2020 1067 2058 factum
1094 2031 1196 2066 esse,
1227 2021 1272 2057 ut
1296 2019 1336 2057 in
1362 2018 1387 2056 S
1412 2018 1574 2068 antiqua
1598 2031 1754 2068 corrup-

227 2083 308 2120 tela
333 2084 455 2131 esset,
486 2093 586 2130 quae
619 2081 668 2119 ab
700 2079 912 2129 archetypo
938 2079 1143 2127 librorum,
1173 2077 1240 2127 qui
1265 2077 1475 2116 examinati
1500 2079 1608 2128 sunt,
1639 2076 1758 2116 Grae·

230 2154 361 2179 corum
387 2140 515 2178 aliena
539 2142 636 2178 erat.
679 2138 746 2176 Bis
765 2138 920 2176 videtur
945 2137 1002 2175 ita
1021 2149 1105 2175 esse
1125 2139 1229 2186 nata,
1254 2140 1300 2174 ut
1319 2136 1367 2174 ad
1388 2135 1616 2175 vocabulum
1636 2147 1757 2185 prope

230 2199 402 2249 positum
427 2198 580 2236 librarii
605 2197 706 2235 oculi
730 2196 967 2234 aberrarent.

339 2258 373 2294 X
394 2258 489 2303 424,
511 2257 566 2294 34
581 2268 609 2294 s.
630 2255 708 2293 lbb.
729 2253 816 2293 Grr.
835 2251 883 2293 ἔν
900 2264 945 2292 τε
968 2250 1168 2302 βαειλέων
1187 2250 1334 2291 αὐλαῑε
1372 2252 1398 2290 S
1423 2250 1470 2291 ἐν
1488 2263 1532 2291 τε
1554 2250 1754 2301 βαειλέων

228 2313 293 2354 καὶ
318 2311 537 2363 ἀρχόντων
562 2311 710 2352 αὐλαῖς
735 2314 831 2352 conf.
856 2312 958 2351 infra
982 2309 1076 2360 περὶ
1100 2308 1173 2350 τὰς
1197 2311 1282 2350 τῶν
1302 2307 1521 2359 ἀρχόντων
1545 2308 1611 2349 καὶ
1629 2310 1753 2349 δυνα-

226 2371 459 2413 ετευόντων
484 2366 714 2424 φιλίαεω),

342 2430 471 2470 XXIV
497 2432 596 2481 428,
621 2431 675 2468 34
700 2429 779 2467 lbb.
807 2428 892 2467 Grr.
924 2426 999 2476 τὴν
1025 2426 1226 2477 διαβολήν
1257 2422 1482 2481 (ὑπόνοιαν
1507 2421 1680 2478 Bekker)
1728 2426 1754 2465 S

225 2490 301 2539 τὴν
327 2486 577 2538 κατηγορίαν
602 2488 701 2527 conf.
727 2500 847 2536 supra
871 2480 1214 2536 »cot-tnssopncefiffl)

344 2548 411 2587 Bis
436 2548 574 2586 calami
600 2558 731 2585 errore
756 2546 948 2594 scriptura
974 2544 1162 2584 versionis
1187 2543 1369 2594 Syriacae
1401 2556 1446 2582 ex
1477 2555 1523 2581 ea
1554 2543 1658 2582 facta
1683 2544 1754 2591 est,

228 2620 345 2657 quam
371 2607 521 2645 codices
547 2604 684 2644 Graeci
708 2604 908 2654 praebent.

226 2715 230 2718 ι
343 2666 397 2703 IX
424 2667 520 2714 424,
547 2666 601 2703 32
628 2663 706 2702 lbb.
733 2662 820 2701 Grr.
845 2658 1101 2702 ἀντεξετάζει
1134 2661 1193 2712 τῷ
1219 2657 1333 2711 λόγῳ
1382 2659 1408 2697 S
1433 2655 1756 2706 ἀντεξετάζεται,

230 2725 333 2774 quod
359 2736 492 2762 verum
519 2735 604 2762 esse
629 2734 705 2760 non
727 2723 869 2770 potest,
894 2733 980 2758 cum
1001 2732 1058 2767 ea,
1083 2731 1182 2769 quae
1201 2717 1400 2758 sollemnis
1419 2720 1480 2757 est
1497 2718 1599 2768 apud
1617 2717 1754 2755 Lucia·

230 2795 335 2832 num,
354 2782 471 2820 medii
490 2781 599 2820 verbi
618 2775 950 2819 ἀντεξετάζεεθαι
968 2778 1076 2817 notio
1096 2777 1185 2816 huic
1204 2778 1287 2815 loco
1300 2788 1436 2829 parum
1451 2779 1544 2825 apta
1559 2775 1621 2815 sit.
1646 2774 1755 2814 Conf.

228 2841 318 2879 Luc.
332 2841 380 2878 de
392 2852 486 2878 mer.
500 2840 607 2878 cond.
627 2841 687 2887 11,
704 2839 776 2888 24;
795 2836 884 2875 dial.
898 2837 1010 2875 mort.
1023 2835 1100 2875 ΧΠ
1113 2837 1151 2888 2,
1169 2834 1297 2874 XXIX
1313 2836 1355 2884 13
1374 2834 1458 2884 Iup.
1473 2834 1590 2884 Trag.
1607 2834 1658 2872 25
1669 2827 1752 2886 ⁶⁴⁹),
