1820 3126
243 158 328 200 438
850 158 891 195 A.
918 159 1152 195 Baumstark:

363 268 468 307 Haec
493 269 541 308 de
565 269 842 308 retractatione
867 270 1086 309 versionum
1108 269 1397 319 Sergianarum,
1421 283 1519 320 quae
1545 271 1628 309 sine
1653 271 1771 310 inter-

246 327 364 376 pretis
394 327 549 366 nomine
581 330 760 367 servatae
790 331 898 379 sunt,
935 329 1146 376 habebam,
1178 340 1277 377 quae
1309 327 1557 378 disputarem
1607 328 1772 368 Veniam

246 398 359 435 spero
385 398 446 424 me
477 386 592 424 facile
624 386 924 435 impetraturum
950 399 1052 435 esse,
1084 386 1187 436 quod
1217 388 1298 424 tam
1327 386 1475 436 prolixe
1506 387 1554 426 de
1587 387 1660 426 hec
1689 388 1772 427 loco

245 444 420 482 disserui.
483 444 698 482 Plurimum
732 445 882 483 confert
913 445 962 483 ad
993 445 1264 484 auctoritatem
1296 443 1425 494 Sergii
1453 445 1771 495 perspiciendam.

245 502 422 551 Apparet
453 503 554 540 enim
585 502 674 541 inde
705 503 825 542 libros
857 502 1065 553 Sergianos
1094 516 1164 552 per
1194 503 1349 541 saecula
1379 503 1452 551 VI,
1484 503 1577 552 VII,
1603 502 1701 542 VIII
1732 504 1772 542 in

249 560 495 599 monasteriis
533 560 702 611 Syriacis
739 561 1052 611 frequentissime
1090 562 1287 600 lectitatos
1324 556 1505 614 essem)
1563 561 1774 601 Praeterea

246 618 406 656 maximi
438 619 622 658 momenti
652 631 714 658 res
745 620 825 669 est,
860 620 900 658 in
931 619 1181 658 emendandis
1215 619 1424 658 secundum
1454 620 1651 659 versiones
1686 620 1772 659 Ser-

249 677 386 727 gianas
418 677 548 716 verbis
579 676 746 716 Graecis.
807 678 909 716 Nam
940 680 1050 727 patet
1085 679 1200 727 longe
1231 678 1348 716 aliam
1379 689 1462 716 esse
1493 678 1658 717 aliarum
1688 691 1772 718 ver-

253 735 406 774 sionum
438 736 721 775 auctoritatem.
782 735 1038 775 Plurimum
1069 737 1199 775 valet
1232 737 1287 774 ad
1318 736 1602 775 emendanda
1631 737 1775 776 verba

247 793 430 832 Graeca
461 794 616 833 versio
648 795 882 833 orationis
907 795 1225 834 Demoniceae.
1274 795 1339 832 Ne
1364 794 1559 833 Luciani
1591 795 1774 845 quidem

249 854 330 890 aut
366 852 621 891 Themistii
658 853 902 891 versiones
940 853 1228 902 spernendae
1266 854 1385 892 sunt.
1445 853 1638 892 Nullius
1675 854 1773 891 fere

248 911 396 959 pretii
423 913 495 949 est
519 911 862 960 interpretatio
887 911 1239 950 Plutarcheide
1263 906 1606 963 i1·a1ibe11i.⁴⁵²)

778 1214 955 1263 Caput
995 1215 1243 1252 alterum.

824 1319 974 1377 Spiccs
1011 1319 1209 1366 criticae.

559 1437 592 1474 1.
630 1431 920 1489 Ἰσοκράτους
950 1432 977 1474 ὁ
1007 1434 1127 1489 πρὸς
1158 1432 1473 1488 Δημόνικου.*)

252 1518 298 1556 Α.
318 1517 355 1556 S.
375 1531 411 1566 p.
436 1519 515 1556 167
533 1530 562 1555 s.
584 1530 612 1556 s,
650 1518 833 1556 Isocratis
855 1517 1063 1556 orationes.
1100 1517 1340 1567 Recognovit
1359 1519 1431 1556 etc.
1452 1517 1498 1557 G.
1517 1518 1562 1558 E.
1581 1518 1777 1557 Benseler.

331 1576 462 1614 Editio
498 1576 624 1614 altera
659 1578 818 1614 curante
850 1575 1046 1614 Friderico
1082 1575 1205 1614 Blass.
1254 1575 1421 1626 Lipsiae.
1474 1577 1596 1616 1886.
1644 1577 1729 1615 Vol.
1759 1577 1779 1615 I

329 1647 366 1683 p.
395 1636 415 1673 1
435 1647 465 1672 s.
485 1646 514 1672 s.
563 1634 720 1683 Ryssel,
759 1625 866 1672 Uber
897 1635 971 1672 den
1001 1634 1299 1672 textkritischen
1331 1634 1443 1673 Wert
1479 1635 1548 1673 der
1578 1635 1778 1685 syrischen

334 1683 655 1742 Ubersetzungen
692 1692 955 1742 griechischer
991 1692 1204 1730 Klassiker.
1249 1692 1298 1731 II.
1324 1692 1420 1731 Teil.
1471 1693 1627 1742 Leipzig
1654 1694 1776 1733 1881.

332 1765 368 1800 p.
397 1752 448 1790 29
465 1763 494 1790 s.
515 1764 543 1789 S.

367 1821 510 1859 Earum
545 1821 842 1870 scripturarum,
880 1832 976 1870 quas
1007 1820 1274 1870 apographum
1306 1819 1431 1871 Sergii
1468 1821 1524 1859 ab
1555 1821 1780 1860 universa

250 1879 472 1928 omnium,
497 1879 575 1928 qui
600 1879 655 1917 ad
678 1881 887 1917 nostram
912 1891 1058 1928 usque
1077 1880 1280 1917 aetatem
1303 1880 1483 1918 servati
1503 1882 1626 1929 sunt,
1653 1879 1780 1918 codi-

249 1951 350 1976 cum
383 1937 663 1976 Graecorum
694 1937 916 1976 memoria
945 1937 1146 1975 absonas
1176 1937 1406 1988 praebebat,
1443 1938 1529 1975 duo
1562 1939 1671 1976 sunt
1700 1950 1778 1988 ge-

249 2009 380 2046 nera,
411 2008 475 2045 ea,
505 1995 683 2045 quamvis
709 1995 787 2033 sint
818 1998 921 2034 certe
952 1995 1109 2044 quidam
1134 1995 1226 2045 loci,
1255 1995 1296 2033 in
1321 1995 1461 2044 quibus
1487 1995 1702 2034 iudicandis
1730 1995 1777 2034 de

250 2067 326 2104 quo
359 2067 500 2104 genere
532 2054 785 2104 cogitandum
813 2054 882 2104 sit,
912 2053 1092 2092 dubitare
1123 2054 1268 2102 possis,
1298 2053 1337 2090 in
1368 2053 1592 2092 universum
1623 2054 1778 2102 quidem

250 2126 366 2163 quam
393 2113 559 2151 maxime
583 2112 686 2150 inter
707 2124 747 2150 se
773 2111 937 2150 diversa.
979 2112 1195 2150 Alterum
1220 2123 1429 2149 errorum
1455 2114 1526 2150 est
1551 2113 1631 2150 aut
1655 2124 1777 2150 men-

248 2171 427 2219 dorum,
466 2183 582 2220 quae
619 2170 875 2219 iniquitati
912 2170 1139 2219 temporis
1175 2170 1248 2208 vel
1279 2169 1584 2209 librariorum
1618 2170 1778 2219 negle-

247 2229 443 2279 gentiae
462 2229 774 2275 debebantur,
800 2241 955 2267 eorum
975 2228 1346 2267 leviusculorum
1370 2228 1555 2277 quidem
1573 2229 1778 2278 plerum-

249 2301 336 2338 que
362 2292 425 2338 et,
451 2300 570 2337 quae
590 2287 814 2325 mediocri
838 2294 948 2325 cura
971 2286 1125 2336 possis
1144 2286 1395 2335 corrigere.
1431 2286 1649 2324 Alterum
1668 2299 1778 2326 vero

248 2359 396 2396 genus
424 2348 495 2384 est
519 2345 789 2396 graviorum
815 2345 1034 2383 lectionis
1061 2345 1367 2394 varietatum,
1399 2357 1419 2383 e
1444 2344 1612 2394 quibus
1638 2357 1776 2394 appa-

249 2408 338 2454 ret,
375 2404 419 2443 id
449 2403 572 2453 quod
603 2403 784 2453 primus
810 2403 1054 2453 Rysselius
1087 2403 1356 2452 suspicatus
1388 2396 1555 2455 est⁴⁵³),
1587 2402 1778 2453 Syriace

249 2475 431 2502 versam
457 2474 558 2501 esse
589 2462 910 2500 recensionem
943 2460 1175 2500 orationis
1202 2460 1506 2499 Demoniceae
1533 2460 1777 2510 antiquam

249 2524 295 2560 et
319 2533 511 2570 prorsus
536 2520 770 2558 diversam
794 2521 849 2558 ab
876 2531 929 2558 ea
952 2520 1245 2569 recensione,
1269 2531 1401 2569 quem
1421 2518 1573 2557 nostri
1593 2518 1778 2558 codices

250 2580 418 2618 Graeci
443 2578 678 2618 exhibent.
725 2578 902 2628 Denique
927 2577 1122 2617 interdum
1146 2578 1263 2627 paulo
1288 2577 1413 2627 magis
1432 2577 1615 2615 intricata
1633 2589 1695 2616 res
1719 2579 1779 2616 est

248 2639 327 2686 ita,
359 2639 405 2675 ut
429 2638 590 2687 antiqua
615 2636 805 2687 quaedam
831 2637 1006 2676 lectionis
1031 2637 1219 2684 varietas,
1247 2647 1345 2685 quae
1370 2647 1394 2673 a
1416 2637 1639 2674 nostrorum
1662 2635 1779 2674 libro-

365 2761 397 2806 ⁸)
423 2762 444 2796 Γ
468 2778 509 2790 =
530 2761 643 2796 codex
667 2759 840 2802 Urbinas,
872 2760 900 2793 Λ
914 2775 956 2788 =
971 2759 1085 2795 codex
1106 2758 1318 2800 Vaticanus,
1342 2758 1379 2793 Π
1394 2773 1437 2786 -
1450 2757 1563 2793 codex
1585 2757 1777 2802 Parisinus,

249 2807 277 2842 L
297 2825 340 2838 =
360 2807 473 2842 codex
493 2806 756 2842 Laurentianus
780 2809 836 2848 58,
863 2809 883 2839 5
908 2806 1036 2841 collati
1059 2817 1082 2841 a
1101 2805 1355 2847 Buermannio,
1380 2803 1407 2838 Ε
1427 2820 1470 2833 ==
1490 2804 1603 2839 codex
1622 2804 1773 2840 Ambro-

250 2854 384 2899 sianus,
410 2854 434 2889 Ε
453 2871 496 2883 ==
517 2855 698 2889 corrector
723 2850 858 2889 codicis
884 2851 930 2897 E,
958 2853 981 2887 Z
1004 2869 1046 2881 ==
1066 2852 1179 2888 codex
1205 2850 1471 2896 Scaphusianus
1495 2849 1620 2886 collati
1644 2862 1667 2886 a
1688 2850 1773 2886 Dre-

249 2900 365 2947 rapio,
391 2901 414 2936 S
436 2917 479 2930 n-
505 2901 756 2946 apographum
781 2897 909 2945 Sergii.
