1820 3126
613 141 906 180 Lucubrationes
932 142 1219 188 Syro-Graecae.
1608 140 1693 182 477

135 259 332 299 hortantis
358 257 480 299 verba
505 257 729 297 efficiebant
753 258 825 296 aut
842 256 968 307 ipsius
988 256 1251 296 adolescentis
1272 255 1452 306 alicuius,
1477 254 1545 305 qui
1564 267 1698 295 secum

136 320 313 358 diversas
346 318 453 358 vitae
487 330 719 368 morumque
753 317 928 356 rationes
960 316 1175 367 reputabat
1206 317 1310 355 sicut
1340 315 1540 366 Lysiteles
1565 314 1695 353 Plaut.

138 379 242 418 Trin.
267 391 304 419 v.
326 379 409 417 223
431 389 460 416 s.
481 389 510 416 s.

255 440 321 478 19.
359 437 530 489 „Beatus
555 437 617 475 vir
642 438 703 475 est
728 435 838 475 cuius
864 437 1006 475 venter
1030 435 1150 474 fortis
1183 437 1223 474 et
1248 435 1434 484 voluptas
1466 436 1608 484 potens
1635 435 1697 472 est

140 493 216 552 (-—-
241 494 308 537 καὶ
331 492 601 546 τἈφροδίεια
626 493 765 535 δεινὸς
790 491 926 549 ὤν2);”
945 496 1019 535 hoc
1045 507 1202 545 semper
1225 491 1423 545 prodest.“

252 556 386 596 Verba
409 556 596 597 videntur
621 555 726 595 servi
752 555 852 594 ebrii
877 556 1018 604 fuisse,
1053 556 1191 606 quales
1217 554 1442 594 Pseudulus
1468 556 1509 593 et
1535 552 1694 592 Stichus

135 618 175 656 in
201 616 386 656 extremis
411 616 557 654 fabulis
581 615 823 654 inducuntur
848 628 872 654 a
891 614 1044 664 Plauto,
1072 616 1143 653 aut
1163 617 1323 664 sumpta
1343 626 1428 653 esse
1448 627 1496 653 ex
1515 613 1694 652 oratione

135 676 366 726 parasitica,
398 676 535 726 quales
570 675 720 714 habent
750 675 857 724 apud
881 675 1071 714 Plautum
1095 674 1309 713 Peniculus
1335 674 1437 713 Men.
1463 687 1500 713 v.
1530 675 1582 712 77
1604 685 1634 712 s.
1655 685 1697 724 s.,

134 735 342 786 Ergasilus
371 734 485 786 Capt.
510 748 544 774 v.
573 736 626 774 69
649 747 678 774 s.
698 747 740 783 s.,
760 735 843 774 461
868 747 896 775 S.
917 747 967 786 s.,
1001 733 1162 774 Saturio
1189 733 1298 772 Pers.
1324 747 1361 773 v.
1386 735 1440 773 53
1464 746 1492 772 s.
1513 745 1555 784 s.,
1581 732 1696 772 Gela-

135 796 258 834 simus
284 794 405 834 Stich.
435 795 516 834 155
533 806 563 835 S.
583 807 626 843 8.,
651 795 757 845 apud
784 794 1016 834 Terentium
1043 793 1200 834 Gnatho
1226 794 1326 832 Eun.
1353 807 1388 832 v.
1411 794 1494 832 232
1513 805 1543 832 s.
1565 805 1594 832 s.
1656 816 1660 821 -

254 857 320 895 20.
359 854 526 906 „Turpis
561 857 624 894 est
658 867 742 895 mos
778 854 879 905 eius,
914 855 982 905 qui
1015 867 1095 894 non
1128 855 1222 904 apto
1256 855 1435 903 tempore
1474 848 1550 906 (=
1580 849 1697 901 παρὰ

136 911 302 966 καιρόν)
329 911 512 954 dormitf‘

252 974 363 1013 Oonf.
388 974 521 1013 Plaut.
545 974 644 1012 Rud.
674 975 770 1013 923.

252 1035 319 1073 21.
340 1033 557 1085 „Habitare
571 1034 612 1072 in
624 1046 714 1073 orco
726 1045 886 1073 somnus
901 1035 974 1085 est,
988 1033 1171 1072 habitare
1183 1045 1271 1071 cum
1283 1032 1450 1071 mortuis
1463 1030 1695 1071 somnium.“

252 1095 318 1132 22.
337 1093 509 1145 „Turpis
532 1093 696 1144 pigritia
721 1096 799 1144 est3
826 1093 969 1143 esurit,
1001 1092 1105 1142 sitit,
1135 1093 1243 1131 nuda
1267 1095 1346 1141 est,
1378 1092 1513 1142 gemit.
1564 1091 1693 1138 Quam

134 1154 274 1192 decora
299 1155 340 1192 et
363 1153 481 1192 laude
507 1153 628 1203 digna
651 1153 849 1192 industria
874 1155 952 1203 est3
985 1165 1141 1203 semper
1166 1155 1307 1191 venter
1333 1152 1369 1191 ei
1397 1152 1539 1201 plenus
1565 1154 1627 1190 est
1653 1153 1694 1190 et

135 1213 273 1253 vultus
292 1213 430 1252 hilaris
449 1214 501 1262 et,
522 1213 555 1251 si
567 1212 668 1251 nihil
680 1212 782 1251 lucri
802 1225 848 1252 ex
862 1225 910 1251 ea
922 1212 1119 1262 provenit,
1139 1214 1245 1251 certe
1258 1224 1338 1251 non
1351 1207 1695 1262 reprehenditur.“

252 1271 363 1312 Conf.
388 1272 517 1311 Plaut.
546 1273 646 1311 Men.
670 1274 752 1312 957
769 1285 798 1311 s.
820 1285 862 1324 s.,
886 1272 985 1311 Rud.
1015 1272 1100 1312 920
1116 1285 1144 1311 s.
1160 1284 1190 1311 s.
1216 1293 1272 1298 —
1298 1271 1411 1310 Servi
1436 1271 1554 1323 frugi'
1570 1271 1695 1310 verba

134 1332 256 1372 fuisse
283 1333 482 1380 videntur,
513 1332 580 1382 qui
607 1332 881 1382 praedicabat,
907 1334 1102 1383 quantum
1129 1343 1201 1370 sua
1225 1331 1425 1370 industria
1450 1333 1492 1370 et
1516 1330 1695 1381 probitas

133 1392 304 1431 aliorum
336 1404 541 1431 servorum
571 1391 751 1442 nequitia
783 1394 1007 1442 praestaret
1039 1391 1141 1430 sicut
1172 1392 1278 1442 apud
1309 1391 1499 1429 Plautum
1531 1391 1695 1440 Harpax

133 1451 318 1491 Pseudul.
344 1465 380 1491 v.
416 1453 527 1490 1103
555 1464 586 1490 s.
618 1463 665 1502 s.,
701 1451 897 1490 Messenio
924 1452 1026 1490 Men.
1052 1465 1089 1491 v.
1124 1452 1207 1490 966
1236 1464 1266 1490 s.
1287 1464 1334 1501 s.,
1374 1450 1573 1490 Strobilus
1604 1451 1695 1489 Aul.

133 1525 168 1551 v.
196 1512 279 1551 587
300 1524 329 1550 s.
351 1523 394 1560 s.,
419 1511 638 1550 Phaniscus
665 1511 839 1551 Mostell.
863 1525 900 1551 v.
928 1512 1011 1551 558
1027 1524 1057 1551 S.
1077 1523 1106 1550 s.

255 1572 320 1610 23.
358 1570 478 1621 „Noli
502 1572 694 1610 molestus
719 1583 805 1610 esse
839 1583 947 1611 neve.
963 1584 1125 1610 manum
1150 1572 1261 1609 tuam
1292 1570 1335 1609 in
1364 1583 1472 1622 eum,
1504 1569 1572 1620 qui
1597 1571 1694 1609 natu

137 1633 177 1669 te
203 1631 329 1670 maior
354 1632 426 1681 est,
451 1627 705 1670 intenderis.“

253 1689 363 1730 Conf.
389 1690 464 1740 frg.
491 1690 574 1730 flor.
601 1690 686 1741 Syr.
714 1691 741 1729 4
767 1693 808 1730 et
832 1691 934 1730 Men.
960 1691 1037 1741 frg.
1066 1691 1160 1730 147.

252 1751 319 1788 24.
358 1781 380 1801 ,‚
391 1747 529 1800 [Quia]
561 1749 778 1789 Homerum
817 1750 912 1789 socii
956 1751 1018 1790 sui
1054 1751 1423 1800 interrogaverunt,
1462 1749 1530 1799 qui
1565 1749 1696 1787 virum

135 1822 268 1848 senem
292 1809 572 1859 percussisset,
598 1810 692 1860 quid
718 1810 754 1848 ei
779 1811 1017 1849 eventurum
1043 1812 1160 1849 esset.
1209 1809 1322 1848 Dixit
1346 1809 1420 1848 eis:
1454 1804 1586 1847 ‘Oculi
1611 1809 1695 1847 eius

133 1869 239 1908 caeci
269 1864 400 1916 fient'‚
429 1890 479 1896 —
509 1870 577 1920 qui
606 1871 775 1908 matrem
806 1869 1073 1917 verberasset,
1109 1869 1204 1921 quid
1237 1869 1273 1908 ei
1308 1871 1544 1909 eventurum
1579 1871 1695 1907 esset.

133 1928 245 1967 Dixit
270 1929 343 1967 eis:
371 1925 516 1968 ‘Terra
541 1941 632 1967 eum
657 1941 736 1968 non
760 1929 955 1979 portabit,
981 1930 1075 1980 quia
1101 1929 1190 1980 ipsa
1214 1931 1344 1968 mater
1369 1928 1545 1968 omnium
1570 1928 1695 1967 homi-

90 2003 93 2005 <
133 2000 230 2026 num
248 1984 325 2026 est'
352 1983 471 2040 (conf.
496 1988 666 2028 Monost.
689 1989 791 2028 617:
818 1987 950 2038 μήτηρ
977 1986 1181 2028 ἁπάντων
1206 1983 1339 2042 γαῖα).
1394 1988 1546 2027 Deinde
1572 1988 1694 2026 inter-

133 2049 388 2098 rogaverunt,
413 2048 481 2098 qui
505 2050 662 2098 patrem
689 2061 806 2087 suum
831 2049 1108 2101 percussisset,
1135 2049 1231 2099 quid
1256 2049 1292 2087 ei
1317 2050 1552 2088 eventurum
1574 2051 1693 2086 esset.

134 2107 243 2146 Dixit
272 2107 468 2147 Homerus
501 2108 618 2147 sociis
650 2108 749 2148 suis:
785 2103 893 2147 ‘Hoc
922 2121 1050 2159 neque
1080 2109 1231 2148 factum
1262 2110 1324 2147 est
1354 2120 1531 2158 unquam
1562 2120 1693 2158 neque

132 2168 212 2218 est,
243 2167 349 2218 quod
374 2167 423 2205 de
449 2179 495 2206 ea
519 2180 562 2206 re
588 2167 787 2207 scribatur
812 2162 889 2221 (=
915 2164 1141 2221 doceatur);
1172 2181 1300 2218 neque
1332 2167 1436 2207 enim
1468 2167 1592 2218 filius,
1626 2167 1695 2217 qui

131 2227 289 2276 patrem
313 2227 524 2279 percutiat,
549 2227 655 2266 ullus
682 2229 755 2276 est,
780 2228 857 2267 nisi
882 2241 1000 2278 quem
1021 2228 1124 2267 forte
1150 2230 1198 2267 e'x
1218 2228 1296 2267 alia
1315 2228 1474 2267 fornace
1494 2227 1692 2266 adulterio

132 2288 262 2325 mater
286 2286 465 2336 concepit
490 2288 531 2326 et
555 2282 631 2339 (=
653 2290 754 2337 part.
781 2281 883 2341 aor.)
908 2284 1100 2338 peperit.“

249 2345 499 2395 Doctrinam,
529 2345 692 2386 Homeri
723 2359 825 2397 quae
856 2347 1108 2398 perhibetur,
1139 2347 1181 2386 in
1214 2348 1393 2397 exemplo
1423 2346 1574 2386 Graeco
1606 2359 1695 2396 per-

132 2407 255 2455 petua
280 2405 456 2444 oratione
482 2418 709 2456 expressam
733 2406 929 2457 interpres
956 2406 1081 2458 Syrus
1106 2420 1178 2457 pro
1203 2407 1412 2446 tritissimo
1439 2406 1693 2446 orientalium

133 2466 174 2504 et
187 2465 442 2505 celeberrimo
456 2465 646 2504 narrandi
658 2478 802 2516 genere
820 2467 861 2505 in
879 2467 1101 2517 complures
1120 2467 1456 2518 interrogationes
1477 2467 1517 2505 et
1530 2477 1691 2515 respon-

136 2524 264 2564 siones
290 2524 498 2575 disposuit.
542 2523 711 2566 Obviam
734 2525 858 2564 fuisse
882 2526 924 2565 in
942 2526 1088 2566 fabulis
1108 2539 1234 2566 novae
1253 2526 1479 2566 comoediae
1499 2525 1694 2564 eiusmodi

132 2583 449 2624 narratiunculas
476 2584 523 2623 de
550 2585 747 2624 clarorum
771 2584 948 2625 virorum
966 2586 1169 2636 responsis
1188 2587 1303 2625 docet
1323 2585 1542 2635 Hegesippi
1561 2585 1637 2635 frg.
1655 2586 1692 2623 2.

253 2645 319 2684 25.
351 2643 477 2694 „Prae
503 2643 687 2683 omnibus
711 2646 867 2694 patrem
891 2647 1005 2684 tuum
1031 2658 1121 2685 ama
1146 2647 1187 2684 et
1210 2645 1308 2684 time
1334 2647 1375 2683 et
1399 2641 1585 2684 honora.“

254 2705 321 2744 26.
353 2701 469 2755 ,‚[Et]
500 2715 551 2742 ne
580 2703 806 2753 despexeris
831 2706 901 2744 aut
925 2705 1144 2755 ignominia
1165 2705 1347 2744 affeceris
1374 2706 1543 2743 matrem
1567 2705 1692 2754 tuam,

134 2762 228 2813 quia
257 2775 329 2813 per
359 2764 495 2803 decem
524 2775 680 2803 menses
711 2765 825 2802 utero
852 2776 922 2804 suo
947 2766 988 2804 te
1013 2765 1141 2816 gessit
1166 2767 1224 2814 et,
1255 2776 1345 2803 cum
1369 2765 1410 2803 te
1434 2765 1610 2814 pareret,
1641 2763 1691 2801 ad

134 2822 260 2862 scalas
285 2823 426 2862 mortis
453 2819 667 2863 constitit.“

254 2882 320 2921 27.
351 2880 466 2934 „[Et]
493 2895 542 2922 ne
562 2882 747 2922 deriseris
767 2894 966 2923 sermones
986 2883 1203 2923 senectutis
1221 2894 1320 2922 neve
1339 2881 1446 2921 labia
1463 2884 1536 2922 tua
1554 2882 1692 2921 contra

137 2943 378 2981 senectutem
403 2942 630 2982 distorseris
656 2954 755 2982 neve
779 2945 1059 2994 paupertatem
1084 2939 1402 2993 contempseris.“
