1820 3126
567 116 861 153 Lucubrationes
887 114 1168 163 Syro-Graecae.
1560 113 1646 155 369

93 232 328 282 Agathias
354 231 478 269 haud
502 229 647 281 paulo
674 232 747 269 est
766 231 929 268 aetate
948 228 1194 279 posterior
1213 227 1456 266 archiatro
1478 227 1646 266 Resai-

92 292 237 331 nensi.
273 290 469 341 Agathias
487 292 606 329 natus
626 292 687 328 est
705 302 807 328 anno
826 289 911 328 fero
933 289 1029 339 535,
1051 290 1232 327 mortuus
1254 299 1355 326 anno
1377 287 1475 326 580.
1514 286 1646 325 Histo-

94 351 164 390 riis
201 349 490 390 conscribendis
528 362 688 400 operam
726 348 821 387 dare
859 348 990 398 coepit
1026 349 1118 398 post
1155 350 1321 387 mortem
1359 340 1644 400 Iustiniani.⁸⁶)

91 410 234 450 Altera
263 423 310 449 ex
339 410 452 459 parte
479 408 670 448 Ohosroe's
702 409 752 447 ad
782 409 919 459 plures
951 407 1140 457 migravit
1170 419 1273 446 anno
1301 407 1396 445 579.
1445 405 1645 456 Agathiae

90 471 214 521 igitur
237 469 406 508 amicum
430 469 695 508 bibliothecae
719 468 827 519 regis
852 468 1062 507 Persarum
1088 467 1307 516 praefuisse
1333 468 1500 516 apparet
1525 466 1645 504 etiam

90 530 194 569 inter
229 541 352 568 annos
393 530 476 568 565
514 530 555 567 et
593 529 690 568 579.
752 527 936 578 Sergium
973 527 1256 566 Resa‘i’nensem
1292 525 1463 565 vidimus
1501 525 1646 564 obiisse

89 601 190 628 anno
217 589 314 628 536.
357 588 435 627 Res
459 589 557 627 adeo
581 588 622 626 in
648 589 766 637 plano
793 589 871 636 est,
897 589 943 626 ut
968 587 1066 626 satis
1090 586 1227 625 mirari
1251 598 1329 625 non
1355 585 1521 635 possim,
1554 598 1646 635 quo-

89 649 203 688 modo
240 649 390 687 factum
427 647 495 697 sit,
533 649 579 686 ut
616 647 735 686 etiam
767 647 994 698 Wrightius
1031 647 1094 686 vir
1131 658 1308 685 summus
1346 647 1387 685 et
1420 645 1468 684 de
1498 645 1646 684 litteris

90 707 260 759 Syriacis
284 707 398 747 unice
422 708 587 747 meritus
612 708 654 746 in
678 709 762 746 tam
787 708 983 747 rusticum
1007 719 1182 746 errorem
1206 705 1409 744 incideret.

205 767 330 806 Paulo
354 767 575 806 intricatior
599 767 781 818 quaestio
808 769 870 806 est
895 767 943 805 de
964 766 1150 817 Sergiis
1175 765 1526 816 grammaticis.
1564 765 1645 803 Ne-

89 841 165 879 que
199 827 302 866 enim
340 840 412 877 per
449 839 491 866 se
527 827 612 866 veri
648 827 861 866 admodum
899 827 1092 866 dissimile
1130 825 1193 865 est
1230 825 1473 864 archiatrum
1510 825 1646 864 Resai-

90 900 268 938 nensem,
306 887 375 937 qui
412 886 479 926 diu
511 886 775 926 Alexandriae
812 887 954 926 studiis
991 887 1218 926 litterarum
1256 885 1495 933 vacavisset,
1532 885 1646 924 tanta

91 947 215 986 fuisse
239 947 401 997 linguae
427 946 600 986 Graecae
625 947 781 997 peritia,
810 947 856 985 ut
880 946 1072 997 Dionysii,
1098 945 1333 994 Herodiani,
1359 944 1572 983 Theodosii
1598 945 1645 983 de

89 1020 132 1046 10
168 1006 428 1057 grammatica
463 1009 674 1057 praecepta
710 1007 750 1045 in
789 1009 1002 1057 angustum
1039 1007 1200 1058 cogeret
1231 1007 1301 1044 aut
1331 1004 1508 1043 verbosis
1542 1017 1645 1043 com-

91 1067 295 1105 mentariis
321 1067 549 1106 occultaret.
607 1066 684 1104 Sed
715 1079 793 1116 quo
829 1066 1073 1116 probabilior
1097 1078 1161 1104 res
1187 1067 1249 1104 est
1274 1067 1315 1103 et
1340 1065 1487 1115 specie,
1518 1066 1564 1102 ut
1590 1065 1645 1103 sic

90 1126 272 1177 dixerim,
297 1126 490 1175 blandior,
516 1139 561 1165 eo
588 1127 743 1165 cautius
769 1128 926 1176 oportet
950 1126 991 1164 in
1017 1126 1175 1176 singula
1199 1124 1357 1176 inquiri.
1383 1145 1442 1150 —
1467 1124 1644 1162 Primum

90 1180 354 1238 Meyerusffl),
392 1180 647 1239 Merxiusgg),
687 1180 965 1238 Gemolliusffl)
1003 1186 1262 1236 interpretem
1294 1184 1441 1234 Syrum
1476 1177 1644 1223 eundem

87 1246 211 1285 fuisse
235 1247 380 1296 putant
404 1248 523 1296 atque
550 1245 765 1296 Sergium
795 1246 1181 1297 grammaticum,
1213 1257 1410 1295 quocum
1437 1243 1643 1283 Severus

87 1306 370 1356 patriarcha
395 1306 449 1344 de
477 1304 660 1345 Christi
690 1308 865 1345 natura
895 1306 1083 1345 litteris
1117 1305 1246 1343 datis
1278 1304 1572 1354 disputavit,
1604 1304 1645 1342 id

87 1365 208 1417 quod,
244 1378 334 1404 cum
370 1365 466 1404 rixis
499 1365 881 1405 Chalcedonensium
919 1366 960 1404 et
991 1365 1360 1416 Monophysitarum
1399 1363 1643 1402 archiatrum

86 1425 368 1464 Resa'i'nensem
398 1427 634 1476 occupatum
664 1426 888 1476 videamus,
925 1438 949 1464 a
979 1438 1073 1465 vero
1105 1438 1183 1464 non
1214 1425 1312 1463 adeo
1346 1424 1540 1462 absonum
1572 1426 1644 1463 est.

88 1485 229 1524 Plures
255 1485 376 1524 etiam
400 1485 697 1535 probabilitatis
723 1498 908 1524 numeros
933 1486 1022 1524 ideo
1048 1485 1273 1524 coniectura
1299 1484 1430 1533 habet,
1458 1483 1574 1534 quod,
1599 1488 1645 1522 ut

87 1557 137 1584 ne
161 1544 285 1584 verba
308 1545 451 1583 faciam
478 1545 526 1583 de
552 1545 775 1595 fragmento
802 1558 826 1584 a
850 1539 1054 1598 Ρ11011ο90)
1081 1546 1257 1595 servato,
1289 1543 1481 1593 epistolae
1508 1543 1644 1582 Severi

89 1606 129 1644 et
154 1603 284 1655 Sergii
314 1617 394 1644 non
419 1605 548 1643 solum
573 1605 615 1643 in
640 1604 882 1645 bibliotheca
907 1599 1220 1658 Coisliniensiffl)
1245 1604 1395 1643 Graece
1428 1603 1497 1642 sed
1523 1603 1644 1641 etiam

88 1663 249 1715 Syriace
286 1665 455 1715 scriptae
491 1665 534 1703 in
564 1664 805 1704 bibliotheca
835 1665 964 1704 Musei
994 1658 1274 1718 Β1110111110192)
1309 1664 1448 1702 latent.
1500 1662 1642 1709 Quam-

89 1737 207 1774 quam
244 1736 337 1774 ego,
374 1724 437 1763 cui
473 1726 659 1763 neutrum
697 1725 919 1775 exemplum
956 1725 1151 1775 inspicere
1185 1723 1415 1774 contigerit,
1454 1724 1590 1761 utrum
1623 1736 1643 1762 e

89 1782 239 1823 Graeco
263 1784 305 1822 in
329 1783 553 1834 Syriacum,
579 1797 629 1823 an
654 1797 675 1823 0
701 1784 863 1835 Syriaco
888 1782 931 1823 in
956 1784 1150 1824 Graecum
1177 1796 1396 1823 sermonem
1423 1783 1643 1822 translatae

89 1843 180 1895 sint,
206 1856 256 1882 110
281 1843 473 1893 suspicari
498 1844 658 1895 quidem
683 1844 822 1883 ausim.
864 1845 1017 1884 Deinde
1042 1845 1258 1884 incertae
1284 1843 1463 1882 aetatis
1489 1855 1643 1894 gram-

87 1902 310 1942 maticum
335 1902 567 1953 Sergium,
601 1904 679 1954 qui·
701 1917 726 1943 a
750 1903 1080 1944 Choerobosco
1105 1918 1171 1955 pg.
1199 1905 1302 1954 546,
1330 1905 1384 1942 32
1418 1898 1499 1954 (ed.
1526 1902 1642 1941 Gais-

84 1957 192 2016 ford)
217 1964 259 2001 et
282 1963 324 2000 in
349 1962 682 2014 Etymologico
707 1977 876 2014 magno
902 1978 968 2015 pg.
989 1966 1086 2015 223,
1110 1966 1131 2003 1
1159 1964 1358 2012 laudatur,
1385 1965 1531 2013 putant
1550 1976 1643 2002 eun-

86 2022 175 2061 dem
205 2022 330 2061 fuisse
361 2025 481 2073 atque
514 2023 696 2073 Sergium
728 2024 1015 2064 Resainensem
1045 2018 1296 2076 Merxius93),
1336 2023 1502 2062 eundem
1536 2025 1643 2062 certe

85 2085 204 2132 atque
231 2095 333 2132 eum,
357 2082 426 2132 qui
450 2082 677 2122 litterarum
698 2085 932 2123 commercio
952 2097 1041 2123 cum
1061 2084 1207 2124 Severo
1226 2084 1384 2122 iunctus
1404 2084 1502 2133 erat,
1529 2081 1643 2121 Chri-

85 2136 259 2194 stius⁹⁴),
283 2141 606 2181 Krumbacherus
617 2137 682 2197 ⁹⁵),
707 2138 1036 2196 Ludwichius.⁹⁶)
1086 2144 1208 2184 Porro
1234 2144 1466 2182 lectorem
1493 2155 1642 2193 quen-

85 2201 188 2239 dam
214 2202 493 2240 Emesenum
520 2201 742 2254 Sergium
772 2204 949 2255 nomine,
981 2217 1099 2255 quem
1129 2204 1187 2243 rei
1218 2204 1503 2254 grammaticae
1528 2202 1641 2241 ador-

84 2261 237 2300 nandae
263 2261 462 2300 studuisse
489 2265 661 2310 constat,
687 2263 892 2302 confundit
917 2258 1151 2318 Merxius⁹⁷)
1179 2276 1267 2303 cum
1293 2263 1510 2314 archiatro,
1536 2262 1641 2301 Lud-

86 2314 311 2373 wichius⁹⁸)
337 2334 426 2360 cum
451 2324 612 2361 auctore
639 2321 912 2362 Choerobosci.
964 2323 1145 2374 Denique
1176 2324 1279 2362 forte
1303 2323 1465 2362 fortuna
1490 2322 1640 2360 factum

85 2382 157 2431 est,
181 2382 229 2419 ut
254 2393 406 2431 omnes,
438 2381 507 2431 qui
532 2381 580 2420 de
607 2381 746 2433 Sergio
772 2383 972 2422 archiatro
999 2384 1260 2434 scripserunt,
1292 2383 1452 2434 fugeret
1481 2382 1640 2432 quidam

85 2437 256 2488 (έργιοε
276 2437 300 2479 ὁ
320 2437 542 2490 νεώτερος,
562 2442 630 2492 qui
648 2441 753 2481 inter
772 2442 960 2482 Ioannem
980 2443 1244 2493 Philoponum
1265 2444 1306 2481 et
1319 2441 1641 2481 Choeroboscum

83 2499 268 2539 floruisse
291 2501 459 2539 videtur.
469 2494 521 2554 99)
547 2521 605 2528 —
631 2500 780 2541 Contra
806 2515 872 2541 eos
898 2503 968 2553 qui
994 2502 1176 2554 Sergium
1202 2503 1485 2541 Resainensem
1521 2502 1641 2540 etiam

84 2558 132 2598 dc
162 2560 250 2598 arte
280 2561 541 2611 grammatica
572 2559 724 2600 Graeca
755 2562 959 2613 scripsisse
989 2565 1153 2613 putant,
1190 2562 1412 2613 Hilgardus
1422 2556 1494 2615 l⁰⁰)
1529 2561 1640 2612 dixit,

85 2618 154 2668 qui
177 2632 300 2658 unum
324 2621 482 2659 tantum
506 2621 811 2670 grammaticum
831 2621 1027 2661 Graecum
1047 2622 1231 2673 Sergium
1255 2622 1414 2660 nomine
1441 2621 1640 2660 exstitisse

86 2679 211 2729 ponit,
236 2691 260 2717 a
284 2692 361 2730 quo
385 2692 551 2729 prorsus
579 2680 840 2720 secernendus
867 2681 921 2720 sit
945 2683 1140 2732 interpres
1168 2681 1304 2732 Syrus.
1347 2681 1499 2719 Verum
1525 2693 1639 2731 argu-

84 2739 219 2776 menta
249 2739 300 2778 ad
330 2739 638 2778 confirmandam
670 2742 909 2780 sententiam
940 2742 1050 2780 nulla
1083 2741 1265 2792 protulit.
1314 2740 1393 2779 Res
1425 2743 1559 2779 autem
1595 2754 1641 2779 ex

83 2799 198 2847 parte
223 2798 382 2849 quidem
413 2800 463 2838 ad
495 2799 762 2838 certissimum
792 2801 910 2840 finem
942 2801 1084 2840 adduci
1115 2802 1259 2851 potest.
1310 2800 1552 2850 Disputandi
1584 2800 1639 2838 in-

84 2855 198 2896 itium
241 2858 386 2898 faciam
429 2872 453 2898 a
494 2859 678 2898 lectore
721 2860 967 2910 Emesen03
1012 2862 1122 2899 cuius
1164 2861 1206 2899 in
1247 2860 1401 2900 duobus
1439 2859 1638 2899 codicibus

85 2915 298 2957 Harleiano
324 2920 365 2958 et
388 2918 583 2958 Vaticano
609 2920 740 2958 exstat
764 2917 942 2969 ἐπιτομὴ
969 2916 1235 2969 ὀνοματικῶν
1260 2916 1458 2959 κανόνων
1484 2917 1530 2958 ἐκ
1553 2918 1640 2956 τῶν

156 2988 264 3017 Jahrb.
284 2990 306 3017 f.
326 2991 416 3018 class.
435 2991 544 3019 Philol.
583 2991 688 3024 Suppl,
706 2991 763 3018 Bd.
776 2991 860 3018 XXI.
1313 2988 1356 3020 24
