<?xml version="1.0" encoding="UTF-8"?>
<!DOCTYPE html PUBLIC "-//W3C//DTD XHTML 1.0 Transitional//EN"
    "http://www.w3.org/TR/xhtml1/DTD/xhtml1-transitional.dtd">
<html xmlns="http://www.w3.org/1999/xhtml" xml:lang="en" lang="en">
 <head>
  <title>
</title>
<meta http-equiv="Content-Type" content="text/html;charset=utf-8" />
  <meta name='ocr-system' content='tesseract 3.04.00' />
  <meta name='ocr-capabilities' content='ocr_page ocr_carea ocr_par ocr_line ocrx_word'/>
</head>
<body>
  <div class='ocr_page' id='page_1' title='image "./lucubrationessyr00baumuoft_0086.png"; bbox 0 0 1820 3126; ppageno 0'>
   <div class='ocr_carea' id='block_1_1' title="bbox 209 142 1123 184">
    <p class='ocr_par' dir='ltr' id='par_1_1' title="bbox 209 142 1123 184">
     <span class='ocr_line' id='line_1_1' title="bbox 209 142 1123 184; baseline -0.005 0"><span class='ocrx_word' id='word_1_1' title='bbox 209 142 297 184; x_wconf 87' lang='grc'>430</span> <span class='ocrx_word' id='word_1_2' title='bbox 821 143 864 180; x_wconf 87' lang='lat' dir='ltr'>A.</span> <span class='ocrx_word' id='word_1_3' title='bbox 888 143 1123 180; x_wconf 84' lang='lat' dir='ltr'><strong>Baumstark:</strong></span> 
     </span>
    </p>
   </div>
   <div class='ocr_carea' id='block_1_2' title="bbox 211 255 1820 1295">
    <p class='ocr_par' dir='ltr' id='par_1_2' title="bbox 211 255 1820 1238">
     <span class='ocr_line' id='line_1_2' title="bbox 215 255 1798 307; baseline 0.002 -14"><span class='ocrx_word' id='word_1_4' title='bbox 215 255 1736 307; x_wconf 81' lang='lat'>135‚2,17;137,29;138,1,18;139,1,4;140‚5;141,17;142,4;</span> <span class='ocrx_word' id='word_1_5' title='bbox 1796 261 1798 263; x_wconf 77' lang='grc'><strong>’</strong></span> 
     </span>
     <span class='ocr_line' id='line_1_3' title="bbox 215 313 1738 366; baseline 0.003 -16"><span class='ocrx_word' id='word_1_6' title='bbox 215 314 308 361; x_wconf 94' lang='grc'>148,</span> <span class='ocrx_word' id='word_1_7' title='bbox 326 314 394 361; x_wconf 91' lang='grc'>16,</span> <span class='ocrx_word' id='word_1_8' title='bbox 412 314 507 361; x_wconf 89' lang='grc'>149,</span> <span class='ocrx_word' id='word_1_9' title='bbox 523 314 797 363; x_wconf 87' lang='grc'>19,154,23.,</span> <span class='ocrx_word' id='word_1_10' title='bbox 813 315 1000 363; x_wconf 91' lang='grc'>27,157,</span> <span class='ocrx_word' id='word_1_11' title='bbox 1018 316 1088 364; x_wconf 90' lang='grc'>15,</span> <span class='ocrx_word' id='word_1_12' title='bbox 1108 313 1223 351; x_wconf 90' lang='lat' dir='ltr'><strong>Isocr.</strong></span> <span class='ocrx_word' id='word_1_13' title='bbox 1243 313 1290 351; x_wconf 86' lang='lat' dir='ltr'>ad</span> <span class='ocrx_word' id='word_1_14' title='bbox 1309 313 1420 352; x_wconf 82' lang='lat' dir='ltr'><strong>Dein.</strong></span> <span class='ocrx_word' id='word_1_15' title='bbox 1439 314 1487 352; x_wconf 90' lang='lat' dir='ltr'>A.</span> <span class='ocrx_word' id='word_1_16' title='bbox 1503 314 1539 353; x_wconf 89' lang='lat' dir='ltr'>S.</span> <span class='ocrx_word' id='word_1_17' title='bbox 1558 317 1649 362; x_wconf 89' lang='lat'>169,</span> <span class='ocrx_word' id='word_1_18' title='bbox 1665 317 1738 366; x_wconf 92' lang='grc'>19,</span> 
     </span>
     <span class='ocr_line' id='line_1_4' title="bbox 214 371 1802 423; baseline 0.002 -14"><span class='ocrx_word' id='word_1_19' title='bbox 214 372 307 418; x_wconf 92' lang='grc'>170,</span> <span class='ocrx_word' id='word_1_20' title='bbox 327 372 443 420; x_wconf 85' lang='lat' dir='ltr'>30s.;</span> <span class='ocrx_word' id='word_1_21' title='bbox 472 372 565 421; x_wconf 88' lang='grc'>174,</span> <span class='ocrx_word' id='word_1_22' title='bbox 586 372 657 420; x_wconf 90' lang='grc'>30,</span> <span class='ocrx_word' id='word_1_23' title='bbox 686 373 779 422; x_wconf 93' lang='grc'>175,</span> <span class='ocrx_word' id='word_1_24' title='bbox 802 374 842 421; x_wconf 93' lang='grc'>1,</span> <span class='ocrx_word' id='word_1_25' title='bbox 866 373 951 422; x_wconf 83' lang='grc'>53.,</span> <span class='ocrx_word' id='word_1_26' title='bbox 982 373 1173 420; x_wconf 87' lang='grc'>176,18,</span> <span class='ocrx_word' id='word_1_27' title='bbox 1200 371 1291 411; x_wconf 86' lang='lat' dir='ltr'>Luc.</span> <span class='ocrx_word' id='word_1_28' title='bbox 1316 372 1363 410; x_wconf 90' lang='lat' dir='ltr'>de</span> <span class='ocrx_word' id='word_1_29' title='bbox 1388 373 1457 411; x_wconf 84' lang='lat' dir='ltr'><strong>cal.</strong></span> <span class='ocrx_word' id='word_1_30' title='bbox 1483 373 1511 411; x_wconf 93' lang='lat' dir='ltr'>I.</span> <span class='ocrx_word' id='word_1_31' title='bbox 1539 373 1578 412; x_wconf 98' lang='lat' dir='ltr'>S.</span> <span class='ocrx_word' id='word_1_32' title='bbox 1607 376 1672 423; x_wconf 90' lang='lat'>11,</span> <span class='ocrx_word' id='word_1_33' title='bbox 1691 375 1736 423; x_wconf 90' lang='grc'>2,</span> <span class='ocrx_word' id='word_1_34' title='bbox 1799 372 1802 378; x_wconf 72' lang='grc'><em>’</em></span> 
     </span>
     <span class='ocr_line' id='line_1_5' title="bbox 215 429 1736 479; baseline 0.003 -13"><span class='ocrx_word' id='word_1_35' title='bbox 215 431 284 478; x_wconf 92' lang='grc'>13,</span> <span class='ocrx_word' id='word_1_36' title='bbox 309 431 378 478; x_wconf 85' lang='grc'>17,</span> <span class='ocrx_word' id='word_1_37' title='bbox 406 430 476 473; x_wconf 85' lang='grc'>14,</span> <span class='ocrx_word' id='word_1_38' title='bbox 500 431 573 478; x_wconf 93' lang='grc'>17,</span> <span class='ocrx_word' id='word_1_39' title='bbox 598 429 784 468; x_wconf 86' lang='lat' dir='ltr'><strong>Themist.</strong></span> <span class='ocrx_word' id='word_1_40' title='bbox 809 429 856 468; x_wconf 85' lang='lat' dir='ltr'>de</span> <span class='ocrx_word' id='word_1_41' title='bbox 881 431 990 469; x_wconf 86' lang='lat' dir='ltr'><strong>amic.</strong></span> <span class='ocrx_word' id='word_1_42' title='bbox 1016 430 1051 469; x_wconf 99' lang='grc' dir='ltr'>Ι.</span> <span class='ocrx_word' id='word_1_43' title='bbox 1079 430 1115 468; x_wconf 88' lang='lat' dir='ltr'>S.</span> <span class='ocrx_word' id='word_1_44' title='bbox 1143 431 1214 477; x_wconf 85' lang='lat'>49,</span> <span class='ocrx_word' id='word_1_45' title='bbox 1239 431 1311 479; x_wconf 90' lang='grc'>20,</span> <span class='ocrx_word' id='word_1_46' title='bbox 1342 430 1443 469; x_wconf 90' lang='lat' dir='ltr'><strong>Plut.</strong></span> <span class='ocrx_word' id='word_1_47' title='bbox 1471 431 1517 468; x_wconf 87' lang='lat' dir='ltr'>de</span> <span class='ocrx_word' id='word_1_48' title='bbox 1544 432 1666 470; x_wconf 89' lang='lat' dir='ltr'><strong>cohib.</strong></span> <span class='ocrx_word' id='word_1_49' title='bbox 1693 432 1736 471; x_wconf 85' lang='lat' dir='ltr'>ir.</span> 
     </span>
     <span class='ocr_line' id='line_1_6' title="bbox 212 487 1736 539; baseline 0.002 -15"><span class='ocrx_word' id='word_1_50' title='bbox 212 487 258 524; x_wconf 88' lang='lat' dir='ltr'>A.</span> <span class='ocrx_word' id='word_1_51' title='bbox 279 487 315 524; x_wconf 89' lang='lat' dir='ltr'>S.</span> <span class='ocrx_word' id='word_1_52' title='bbox 338 489 431 537; x_wconf 89' lang='grc'>189,</span> <span class='ocrx_word' id='word_1_53' title='bbox 453 489 524 536; x_wconf 91' lang='grc'>30,</span> <span class='ocrx_word' id='word_1_54' title='bbox 547 488 641 533; x_wconf 83' lang='grc'>190,</span> <span class='ocrx_word' id='word_1_55' title='bbox 665 490 706 539; x_wconf 95' lang='grc'>1,</span> <span class='ocrx_word' id='word_1_56' title='bbox 728 490 822 537; x_wconf 91' lang='grc'>192,</span> <span class='ocrx_word' id='word_1_57' title='bbox 844 490 908 526; x_wconf 91' lang='grc'>10.</span> <span class='ocrx_word' id='word_1_58' title='bbox 954 488 1115 527; x_wconf 85' lang='lat' dir='ltr'><strong>Perraro</strong></span> <span class='ocrx_word' id='word_1_59' title='bbox 1140 501 1160 527; x_wconf 90' lang='lat' dir='ltr'>e</span> <span class='ocrx_word' id='word_1_60' title='bbox 1186 488 1379 527; x_wconf 84' lang='lat' dir='ltr'><strong>contrario</strong></span> <span class='ocrx_word' id='word_1_61' title='bbox 1404 489 1458 538; x_wconf 92' lang='lat' dir='ltr'>fit,</span> <span class='ocrx_word' id='word_1_62' title='bbox 1485 491 1529 527; x_wconf 87' lang='lat' dir='ltr'>ut</span> <span class='ocrx_word' id='word_1_63' title='bbox 1554 490 1736 528; x_wconf 83' lang='lat' dir='ltr'><strong>vitandae</strong></span> 
     </span>
     <span class='ocr_line' id='line_1_7' title="bbox 211 545 1736 597; baseline 0.003 -15"><span class='ocrx_word' id='word_1_64' title='bbox 211 546 398 584; x_wconf 74' lang='lat' dir='ltr'>molestae</span> <span class='ocrx_word' id='word_1_65' title='bbox 435 545 654 584; x_wconf 76' lang='lat' dir='ltr'><strong>iterationis</strong></span> <span class='ocrx_word' id='word_1_66' title='bbox 693 547 825 596; x_wconf 83' lang='lat' dir='ltr'><strong>gratia</strong></span> <span class='ocrx_word' id='word_1_67' title='bbox 866 547 1102 589; x_wconf 87' lang='lat' dir='ltr'><strong>nominum</strong></span> <span class='ocrx_word' id='word_1_68' title='bbox 1139 546 1419 586; x_wconf 87' lang='lat' dir='ltr'><strong>Graecorum</strong></span> <span class='ocrx_word' id='word_1_69' title='bbox 1461 548 1587 586; x_wconf 86' lang='lat' dir='ltr'><strong>vices</strong></span> <span class='ocrx_word' id='word_1_70' title='bbox 1629 561 1736 597; x_wconf 92' lang='lat' dir='ltr'><strong>pro-</strong></span> 
     </span>
     <span class='ocr_line' id='line_1_8' title="bbox 212 603 1738 654; baseline 0.003 -14"><span class='ocrx_word' id='word_1_71' title='bbox 212 604 398 641; x_wconf 87' lang='lat' dir='ltr'><strong>nomina</strong></span> <span class='ocrx_word' id='word_1_72' title='bbox 434 603 631 653; x_wconf 82' lang='lat' dir='ltr'><strong>Syriaca</strong></span> <span class='ocrx_word' id='word_1_73' title='bbox 669 606 890 654; x_wconf 74' lang='lat' dir='ltr'>expleant</span> <span class='ocrx_word' id='word_1_74' title='bbox 921 605 1028 643; x_wconf 91' lang='lat' dir='ltr'><strong>velut</strong></span> <span class='ocrx_word' id='word_1_75' title='bbox 1052 605 1170 643; x_wconf 87' lang='lat' dir='ltr'><strong>Arist.</strong></span> <span class='ocrx_word' id='word_1_76' title='bbox 1202 605 1249 644; x_wconf 87' lang='lat' dir='ltr'>de</span> <span class='ocrx_word' id='word_1_77' title='bbox 1274 606 1402 642; x_wconf 83' lang='lat' dir='ltr'><strong>mund.</strong></span> <span class='ocrx_word' id='word_1_78' title='bbox 1429 605 1475 643; x_wconf 89' lang='lat' dir='ltr'>A.</span> <span class='ocrx_word' id='word_1_79' title='bbox 1501 605 1537 644; x_wconf 90' lang='lat' dir='ltr'>S.</span> <span class='ocrx_word' id='word_1_80' title='bbox 1567 607 1667 653; x_wconf 90' lang='lat'>150,</span> <span class='ocrx_word' id='word_1_81' title='bbox 1693 607 1738 654; x_wconf 86' lang='lat'>83</span> 
     </span>
     <span class='ocr_line' id='line_1_9' title="bbox 217 662 1738 713; baseline 0.001 -13"><span class='ocrx_word' id='word_1_82' title='bbox 217 663 310 711; x_wconf 92' lang='lat'>157,</span> <span class='ocrx_word' id='word_1_83' title='bbox 333 663 398 712; x_wconf 89' lang='grc'>18,</span> <span class='ocrx_word' id='word_1_84' title='bbox 419 663 492 711; x_wconf 90' lang='grc'>20,</span> <span class='ocrx_word' id='word_1_85' title='bbox 518 662 610 700; x_wconf 87' lang='lat' dir='ltr'>Luc.</span> <span class='ocrx_word' id='word_1_86' title='bbox 629 663 677 700; x_wconf 89' lang='lat' dir='ltr'>de</span> <span class='ocrx_word' id='word_1_87' title='bbox 696 663 767 702; x_wconf 88' lang='lat' dir='ltr'><strong>cal.</strong></span> <span class='ocrx_word' id='word_1_88' title='bbox 787 663 817 701; x_wconf 86' lang='grc' dir='ltr'>Ι.</span> <span class='ocrx_word' id='word_1_89' title='bbox 837 663 873 702; x_wconf 89' lang='lat' dir='ltr'>S.</span> <span class='ocrx_word' id='word_1_90' title='bbox 896 665 960 713; x_wconf 89' lang='lat'>13,</span> <span class='ocrx_word' id='word_1_91' title='bbox 984 664 1053 713; x_wconf 92' lang='grc'>10,</span> <span class='ocrx_word' id='word_1_92' title='bbox 1079 663 1264 701; x_wconf 78' lang='lat' dir='ltr'><strong>Themist.</strong></span> <span class='ocrx_word' id='word_1_93' title='bbox 1284 664 1331 701; x_wconf 88' lang='lat' dir='ltr'>de</span> <span class='ocrx_word' id='word_1_94' title='bbox 1351 663 1460 701; x_wconf 85' lang='lat' dir='ltr'><strong>amic.</strong></span> <span class='ocrx_word' id='word_1_95' title='bbox 1480 663 1508 701; x_wconf 94' lang='lat' dir='ltr'>I.</span> <span class='ocrx_word' id='word_1_96' title='bbox 1530 663 1567 701; x_wconf 98' lang='lat' dir='ltr'>S.</span> <span class='ocrx_word' id='word_1_97' title='bbox 1589 666 1655 711; x_wconf 89' lang='lat'>50,</span> <span class='ocrx_word' id='word_1_98' title='bbox 1674 666 1738 702; x_wconf 84' lang='lat'>23.</span> 
     </span>
     <span class='ocr_line' id='line_1_10' title="bbox 218 720 1740 771; baseline 0.001 -13"><span class='ocrx_word' id='word_1_99' title='bbox 218 741 260 746; x_wconf 86' lang='lat'>-</span> <span class='ocrx_word' id='word_1_100' title='bbox 287 720 466 769; x_wconf 90' lang='lat' dir='ltr'><strong>Denique</strong></span> <span class='ocrx_word' id='word_1_101' title='bbox 491 720 540 758; x_wconf 88' lang='lat' dir='ltr'>ad</span> <span class='ocrx_word' id='word_1_102' title='bbox 559 722 878 770; x_wconf 79' lang='lat' dir='ltr'><strong>perspicuitatem</strong></span> <span class='ocrx_word' id='word_1_103' title='bbox 898 722 1084 759; x_wconf 87' lang='lat' dir='ltr'><strong>orationis</strong></span> <span class='ocrx_word' id='word_1_104' title='bbox 1103 721 1321 771; x_wconf 81' lang='lat' dir='ltr'><strong>augendam</strong></span> <span class='ocrx_word' id='word_1_105' title='bbox 1346 722 1511 759; x_wconf 86' lang='lat' dir='ltr'><strong>multum</strong></span> <span class='ocrx_word' id='word_1_106' title='bbox 1533 722 1628 759; x_wconf 90' lang='lat' dir='ltr'><strong>illud</strong></span> <span class='ocrx_word' id='word_1_107' title='bbox 1649 735 1740 771; x_wconf 90' lang='lat' dir='ltr'><strong>quo—</strong></span> 
     </span>
     <span class='ocr_line' id='line_1_11' title="bbox 215 779 1740 828; baseline 0.001 -12"><span class='ocrx_word' id='word_1_108' title='bbox 215 791 289 827; x_wconf 87' lang='lat' dir='ltr'>que</span> <span class='ocrx_word' id='word_1_109' title='bbox 321 779 488 826; x_wconf 76' lang='lat' dir='ltr'>confert,</span> <span class='ocrx_word' id='word_1_110' title='bbox 519 791 607 817; x_wconf 87' lang='lat' dir='ltr'>cum</span> <span class='ocrx_word' id='word_1_111' title='bbox 638 780 844 828; x_wconf 76' lang='lat' dir='ltr'><strong>scriptores</strong></span> <span class='ocrx_word' id='word_1_112' title='bbox 870 779 1006 818; x_wconf 86' lang='lat' dir='ltr'><strong>Graeci</strong></span> <span class='ocrx_word' id='word_1_113' title='bbox 1037 780 1190 818; x_wconf 82' lang='lat' dir='ltr'><strong>varient</strong></span> <span class='ocrx_word' id='word_1_114' title='bbox 1220 791 1438 817; x_wconf 86' lang='lat' dir='ltr'><strong>sermonem</strong></span> <span class='ocrx_word' id='word_1_115' title='bbox 1468 780 1543 828; x_wconf 88' lang='lat' dir='ltr'><strong>ita,</strong></span> <span class='ocrx_word' id='word_1_116' title='bbox 1575 782 1620 818; x_wconf 90' lang='lat' dir='ltr'>ut</span> <span class='ocrx_word' id='word_1_117' title='bbox 1643 780 1740 818; x_wconf 86' lang='lat' dir='ltr'><strong>alias</strong></span> 
     </span>
     <span class='ocr_line' id='line_1_12' title="bbox 215 834 1820 887; baseline 0.002 -13"><span class='ocrx_word' id='word_1_118' title='bbox 215 837 292 874; x_wconf 86' lang='lat' dir='ltr'><strong>alia</strong></span> <span class='ocrx_word' id='word_1_119' title='bbox 310 836 505 876; x_wconf 90' lang='lat' dir='ltr'><strong>locutione</strong></span> <span class='ocrx_word' id='word_1_120' title='bbox 525 838 687 876; x_wconf 85' lang='lat' dir='ltr'><strong>eandem</strong></span> <span class='ocrx_word' id='word_1_121' title='bbox 705 851 785 876; x_wconf 91' lang='lat' dir='ltr'>rem</span> <span class='ocrx_word' id='word_1_122' title='bbox 805 839 869 876; x_wconf 87' lang='lat' dir='ltr'>vel</span> <span class='ocrx_word' id='word_1_123' title='bbox 888 834 1123 876; x_wconf 84' lang='lat' dir='ltr'><strong>sententiam</strong></span> <span class='ocrx_word' id='word_1_124' title='bbox 1142 838 1371 887; x_wconf 87' lang='lat' dir='ltr'><strong>significent,</strong></span> <span class='ocrx_word' id='word_1_125' title='bbox 1392 837 1554 887; x_wconf 86' lang='lat' dir='ltr'><strong>Syrum</strong></span> <span class='ocrx_word' id='word_1_126' title='bbox 1580 841 1742 887; x_wconf 85' lang='lat' dir='ltr'><strong>spreta</strong></span> <span class='ocrx_word' id='word_1_127' title='bbox 1814 882 1820 887; x_wconf 32' lang='lat'><strong>⁴</strong></span> 
     </span>
     <span class='ocr_line' id='line_1_13' title="bbox 214 891 1820 946; baseline 0.001 -13"><span class='ocrx_word' id='word_1_128' title='bbox 214 907 266 933; x_wconf 83' lang='lat' dir='ltr'>ea</span> <span class='ocrx_word' id='word_1_129' title='bbox 291 896 606 945; x_wconf 85' lang='lat' dir='ltr'><strong>exemplorum</strong></span> <span class='ocrx_word' id='word_1_130' title='bbox 632 895 913 935; x_wconf 85' lang='lat' dir='ltr'><strong>Graecorum</strong></span> <span class='ocrx_word' id='word_1_131' title='bbox 938 897 1096 946; x_wconf 88' lang='lat' dir='ltr'><strong>gratia</strong></span> <span class='ocrx_word' id='word_1_132' title='bbox 1121 908 1259 945; x_wconf 83' lang='lat' dir='ltr'><strong>saepe</strong></span> <span class='ocrx_word' id='word_1_133' title='bbox 1285 908 1397 943; x_wconf 84' lang='lat' dir='ltr'><strong>eam,</strong></span> <span class='ocrx_word' id='word_1_134' title='bbox 1429 908 1564 944; x_wconf 86' lang='lat' dir='ltr'><strong>quam</strong></span> <span class='ocrx_word' id='word_1_135' title='bbox 1589 897 1740 946; x_wconf 91' lang='lat' dir='ltr'><strong>primo</strong></span> <span class='ocrx_word' id='word_1_136' title='bbox 1815 891 1820 916; x_wconf 50' lang='grc' dir='ltr'><strong>ἶ</strong></span> 
     </span>
     <span class='ocr_line' id='line_1_14' title="bbox 213 954 1820 1004; baseline 0.001 -13"><span class='ocrx_word' id='word_1_137' title='bbox 213 955 484 1004; x_wconf 87' lang='lat' dir='ltr'><strong>usurpavit,</strong></span> <span class='ocrx_word' id='word_1_138' title='bbox 521 954 927 1004; x_wconf 84' lang='lat' dir='ltr'><strong>significationem</strong></span> <span class='ocrx_word' id='word_1_139' title='bbox 964 955 1185 993; x_wconf 88' lang='lat' dir='ltr'><strong>retinere.</strong></span> <span class='ocrx_word' id='word_1_140' title='bbox 1245 954 1434 1003; x_wconf 86' lang='lat' dir='ltr'><strong>Exempla</strong></span> <span class='ocrx_word' id='word_1_141' title='bbox 1467 955 1562 993; x_wconf 88' lang='lat' dir='ltr'><strong>haec</strong></span> <span class='ocrx_word' id='word_1_142' title='bbox 1594 955 1741 994; x_wconf 89' lang='lat' dir='ltr'><strong>inveni:</strong></span> <span class='ocrx_word' id='word_1_143' title='bbox 1817 963 1820 993; x_wconf 80' lang='grc' dir='ltr'>ἰ</span> 
     </span>
     <span class='ocr_line' id='line_1_15' title="bbox 214 1012 1741 1063; baseline 0.002 -14"><span class='ocrx_word' id='word_1_144' title='bbox 214 1013 334 1050; x_wconf 92' lang='lat' dir='ltr'><strong>Arist.</strong></span> <span class='ocrx_word' id='word_1_145' title='bbox 365 1012 413 1050; x_wconf 91' lang='lat' dir='ltr'>de</span> <span class='ocrx_word' id='word_1_146' title='bbox 444 1013 574 1050; x_wconf 87' lang='lat' dir='ltr'><strong>mund.</strong></span> <span class='ocrx_word' id='word_1_147' title='bbox 601 1012 647 1050; x_wconf 92' lang='lat' dir='ltr'>A.</span> <span class='ocrx_word' id='word_1_148' title='bbox 673 1012 712 1052; x_wconf 92' lang='lat' dir='ltr'>S.</span> <span class='ocrx_word' id='word_1_149' title='bbox 741 1014 839 1062; x_wconf 83' lang='lat'>152,</span> <span class='ocrx_word' id='word_1_150' title='bbox 868 1014 940 1061; x_wconf 83' lang='lat'>153</span> <span class='ocrx_word' id='word_1_151' title='bbox 970 1013 1088 1052; x_wconf 87' lang='lat' dir='ltr'><strong>Isocr.</strong></span> <span class='ocrx_word' id='word_1_152' title='bbox 1119 1013 1167 1051; x_wconf 88' lang='lat' dir='ltr'>ad</span> <span class='ocrx_word' id='word_1_153' title='bbox 1198 1013 1309 1052; x_wconf 91' lang='lat' dir='ltr'><strong>Dem.</strong></span> <span class='ocrx_word' id='word_1_154' title='bbox 1335 1013 1381 1050; x_wconf 89' lang='lat' dir='ltr'>A.</span> <span class='ocrx_word' id='word_1_155' title='bbox 1407 1012 1444 1050; x_wconf 92' lang='lat' dir='ltr'>S.</span> <span class='ocrx_word' id='word_1_156' title='bbox 1474 1014 1642 1062; x_wconf 87' lang='lat' dir='ltr'>17l,·5,</span> <span class='ocrx_word' id='word_1_157' title='bbox 1670 1015 1741 1063; x_wconf 91' lang='grc'>13,</span> 
     </span>
     <span class='ocr_line' id='line_1_16' title="bbox 218 1071 1820 1121; baseline 0.001 -13"><span class='ocrx_word' id='word_1_158' title='bbox 218 1071 316 1121; x_wconf 88' lang='grc'>172,</span> <span class='ocrx_word' id='word_1_159' title='bbox 341 1073 418 1120; x_wconf 93' lang='lat'>11,</span> <span class='ocrx_word' id='word_1_160' title='bbox 439 1072 510 1120; x_wconf 92' lang='grc'>21,</span> <span class='ocrx_word' id='word_1_161' title='bbox 535 1071 627 1110; x_wconf 89' lang='lat' dir='ltr'>Luc.</span> <span class='ocrx_word' id='word_1_162' title='bbox 654 1071 701 1109; x_wconf 87' lang='lat' dir='ltr'>de</span> <span class='ocrx_word' id='word_1_163' title='bbox 726 1073 795 1109; x_wconf 87' lang='lat' dir='ltr'><strong>cal.</strong></span> <span class='ocrx_word' id='word_1_164' title='bbox 821 1071 852 1110; x_wconf 92' lang='grc' dir='ltr'>Ι.</span> <span class='ocrx_word' id='word_1_165' title='bbox 879 1071 915 1109; x_wconf 90' lang='lat' dir='ltr'>S.</span> <span class='ocrx_word' id='word_1_166' title='bbox 942 1072 987 1121; x_wconf 88' lang='lat'>8,</span> <span class='ocrx_word' id='word_1_167' title='bbox 1014 1073 1057 1120; x_wconf 89' lang='lat'>3,</span> <span class='ocrx_word' id='word_1_168' title='bbox 1083 1072 1155 1119; x_wconf 91' lang='grc'>23,</span> <span class='ocrx_word' id='word_1_169' title='bbox 1182 1072 1253 1120; x_wconf 90' lang='grc'>13,</span> <span class='ocrx_word' id='word_1_170' title='bbox 1280 1072 1322 1119; x_wconf 89' lang='grc'>9,</span> <span class='ocrx_word' id='word_1_171' title='bbox 1348 1071 1535 1109; x_wconf 84' lang='lat' dir='ltr'><strong>Themist.</strong></span> <span class='ocrx_word' id='word_1_172' title='bbox 1560 1071 1607 1110; x_wconf 89' lang='lat' dir='ltr'>de</span> <span class='ocrx_word' id='word_1_173' title='bbox 1631 1072 1741 1110; x_wconf 84' lang='lat' dir='ltr'><strong>amic.</strong></span> <span class='ocrx_word' id='word_1_174' title='bbox 1816 1087 1820 1090; x_wconf 92' lang='lat'>·</span> 
     </span>
     <span class='ocr_line' id='line_1_17' title="bbox 215 1128 1742 1180; baseline 0.001 -14"><span class='ocrx_word' id='word_1_175' title='bbox 215 1128 246 1167; x_wconf 94' lang='grc' dir='ltr'>Ι.</span> <span class='ocrx_word' id='word_1_176' title='bbox 267 1129 305 1167; x_wconf 90' lang='lat' dir='ltr'>S.</span> <span class='ocrx_word' id='word_1_177' title='bbox 331 1130 396 1175; x_wconf 89' lang='lat'>49,</span> <span class='ocrx_word' id='word_1_178' title='bbox 420 1131 490 1178; x_wconf 92' lang='grc'>18,</span> <span class='ocrx_word' id='word_1_179' title='bbox 518 1130 583 1179; x_wconf 89' lang='grc'>50,</span> <span class='ocrx_word' id='word_1_180' title='bbox 604 1131 676 1180; x_wconf 90' lang='grc'>20,</span> <span class='ocrx_word' id='word_1_181' title='bbox 698 1131 764 1180; x_wconf 91' lang='grc'>56,</span> <span class='ocrx_word' id='word_1_182' title='bbox 785 1131 856 1179; x_wconf 89' lang='grc'>22,</span> <span class='ocrx_word' id='word_1_183' title='bbox 877 1131 942 1179; x_wconf 91' lang='grc'>58,</span> <span class='ocrx_word' id='word_1_184' title='bbox 965 1131 1000 1179; x_wconf 91' lang='grc'>7,</span> <span class='ocrx_word' id='word_1_185' title='bbox 1023 1131 1092 1180; x_wconf 89' lang='grc'>19,</span> <span class='ocrx_word' id='word_1_186' title='bbox 1113 1131 1179 1176; x_wconf 88' lang='grc'>61,</span> <span class='ocrx_word' id='word_1_187' title='bbox 1208 1131 1258 1167; x_wconf 92' lang='grc'>18</span> <span class='ocrx_word' id='word_1_188' title='bbox 1274 1141 1322 1178; x_wconf 85' lang='grc'>3.,</span> <span class='ocrx_word' id='word_1_189' title='bbox 1346 1129 1450 1167; x_wconf 88' lang='lat' dir='ltr'><strong>Plut.</strong></span> <span class='ocrx_word' id='word_1_190' title='bbox 1475 1130 1523 1167; x_wconf 88' lang='lat' dir='ltr'>de</span> <span class='ocrx_word' id='word_1_191' title='bbox 1547 1130 1671 1168; x_wconf 88' lang='lat' dir='ltr'><strong>cohib.</strong></span> <span class='ocrx_word' id='word_1_192' title='bbox 1697 1130 1742 1167; x_wconf 89' lang='lat' dir='ltr'>ir.</span> 
     </span>
     <span class='ocr_line' id='line_1_18' title="bbox 219 1187 1335 1238; baseline 0 -13"><span class='ocrx_word' id='word_1_193' title='bbox 219 1187 266 1225; x_wconf 89' lang='lat' dir='ltr'>A.</span> <span class='ocrx_word' id='word_1_194' title='bbox 293 1190 328 1225; x_wconf 89' lang='lat' dir='ltr'>S.</span> <span class='ocrx_word' id='word_1_195' title='bbox 357 1188 451 1237; x_wconf 91' lang='lat'>188,</span> <span class='ocrx_word' id='word_1_196' title='bbox 472 1189 515 1237; x_wconf 89' lang='grc'>9,</span> <span class='ocrx_word' id='word_1_197' title='bbox 542 1189 636 1237; x_wconf 90' lang='grc'>189,</span> <span class='ocrx_word' id='word_1_198' title='bbox 659 1190 729 1238; x_wconf 92' lang='grc'>10,</span> <span class='ocrx_word' id='word_1_199' title='bbox 757 1188 942 1238; x_wconf 91' lang='grc'>190,17,</span> <span class='ocrx_word' id='word_1_200' title='bbox 971 1190 1064 1236; x_wconf 92' lang='grc'>191,</span> <span class='ocrx_word' id='word_1_201' title='bbox 1086 1190 1128 1237; x_wconf 91' lang='grc'>9,</span> <span class='ocrx_word' id='word_1_202' title='bbox 1156 1189 1249 1237; x_wconf 88' lang='grc'>192,</span> <span class='ocrx_word' id='word_1_203' title='bbox 1270 1189 1335 1226; x_wconf 93' lang='grc'>27.</span> 
     </span>
    </p>

    <p class='ocr_par' dir='ltr' id='par_1_3' title="bbox 330 1245 1742 1295">
     <span class='ocr_line' id='line_1_19' title="bbox 330 1245 1742 1295; baseline 0.001 -12"><span class='ocrx_word' id='word_1_204' title='bbox 330 1245 386 1283; x_wconf 88' lang='lat' dir='ltr'>Ut</span> <span class='ocrx_word' id='word_1_205' title='bbox 410 1246 459 1284; x_wconf 84' lang='lat' dir='ltr'>ad</span> <span class='ocrx_word' id='word_1_206' title='bbox 486 1258 551 1284; x_wconf 87' lang='lat' dir='ltr'>eas</span> <span class='ocrx_word' id='word_1_207' title='bbox 569 1247 747 1284; x_wconf 87' lang='lat' dir='ltr'><strong>vertendi</strong></span> <span class='ocrx_word' id='word_1_208' title='bbox 766 1246 943 1284; x_wconf 82' lang='lat' dir='ltr'><strong>licentias</strong></span> <span class='ocrx_word' id='word_1_209' title='bbox 968 1249 1176 1293; x_wconf 87' lang='lat' dir='ltr'><strong>transeam,</strong></span> <span class='ocrx_word' id='word_1_210' title='bbox 1201 1258 1300 1295; x_wconf 87' lang='lat' dir='ltr'><strong>quae</strong></span> <span class='ocrx_word' id='word_1_211' title='bbox 1325 1247 1417 1283; x_wconf 88' lang='lat' dir='ltr'><strong>sunt</strong></span> <span class='ocrx_word' id='word_1_212' title='bbox 1445 1245 1567 1285; x_wconf 87' lang='lat' dir='ltr'><strong>circa</strong></span> <span class='ocrx_word' id='word_1_213' title='bbox 1592 1248 1742 1285; x_wconf 85' lang='lat' dir='ltr'><strong>struc—</strong></span> 
     </span>
    </p>
   </div>
   <div class='ocr_carea' id='block_1_3' title="bbox 1754 0 1820 878">
    <p class='ocr_par' dir='ltr' id='par_1_4' title="bbox 1754 0 1820 878">
     <span class='ocr_line' id='line_1_20' title="bbox 1754 0 1820 878; baseline 0 0"><span class='ocrx_word' id='word_1_214' title='bbox 1754 0 1820 878; x_wconf 95' lang='lat' dir='ltr'> </span> 
     </span>
    </p>
   </div>
   <div class='ocr_carea' id='block_1_4' title="bbox 214 1304 1745 2934">
    <p class='ocr_par' dir='ltr' id='par_1_5' title="bbox 214 1304 1745 2523">
     <span class='ocr_line' id='line_1_21' title="bbox 216 1304 1741 1354; baseline 0.001 -13"><span class='ocrx_word' id='word_1_215' title='bbox 216 1306 369 1342; x_wconf 86' lang='lat' dir='ltr'><strong>turam</strong></span> <span class='ocrx_word' id='word_1_216' title='bbox 406 1304 703 1354; x_wconf 85' lang='lat' dir='ltr'><strong>integrarum</strong></span> <span class='ocrx_word' id='word_1_217' title='bbox 736 1305 1034 1354; x_wconf 88' lang='lat' dir='ltr'><strong>sententiarum,</strong></span> <span class='ocrx_word' id='word_1_218' title='bbox 1070 1304 1332 1353; x_wconf 90' lang='lat' dir='ltr'><strong>incipiendum</strong></span> <span class='ocrx_word' id='word_1_219' title='bbox 1362 1306 1423 1342; x_wconf 88' lang='lat' dir='ltr'>est</span> <span class='ocrx_word' id='word_1_220' title='bbox 1459 1305 1508 1342; x_wconf 88' lang='lat' dir='ltr'>ab</span> <span class='ocrx_word' id='word_1_221' title='bbox 1539 1304 1617 1343; x_wconf 89' lang='lat' dir='ltr'><strong>illis</strong></span> <span class='ocrx_word' id='word_1_222' title='bbox 1648 1305 1741 1343; x_wconf 86' lang='lat' dir='ltr'><strong>locis</strong></span> 
     </span>
     <span class='ocr_line' id='line_1_22' title="bbox 214 1362 1743 1412; baseline 0.001 -12"><span class='ocrx_word' id='word_1_223' title='bbox 214 1362 477 1412; x_wconf 84' lang='lat' dir='ltr'><strong>congerendis,</strong></span> <span class='ocrx_word' id='word_1_224' title='bbox 510 1363 578 1400; x_wconf 92' lang='lat' dir='ltr'>ubi</span> <span class='ocrx_word' id='word_1_225' title='bbox 608 1364 672 1402; x_wconf 85' lang='lat' dir='ltr'><strong>vel</strong></span> <span class='ocrx_word' id='word_1_226' title='bbox 705 1363 804 1401; x_wconf 84' lang='lat' dir='ltr'><strong>sola</strong></span> <span class='ocrx_word' id='word_1_227' title='bbox 838 1363 1024 1401; x_wconf 86' lang='lat' dir='ltr'><strong>nomina</strong></span> <span class='ocrx_word' id='word_1_228' title='bbox 1053 1363 1128 1401; x_wconf 84' lang='lat' dir='ltr'>vel</span> <span class='ocrx_word' id='word_1_229' title='bbox 1157 1362 1343 1400; x_wconf 88' lang='lat' dir='ltr'><strong>nomina</strong></span> <span class='ocrx_word' id='word_1_230' title='bbox 1373 1375 1471 1401; x_wconf 90' lang='lat' dir='ltr'>cum</span> <span class='ocrx_word' id='word_1_231' title='bbox 1503 1364 1743 1412; x_wconf 83' lang='lat' dir='ltr'><strong>praeposi-</strong></span> 
     </span>
     <span class='ocr_line' id='line_1_23' title="bbox 214 1420 1743 1471; baseline 0.001 -13"><span class='ocrx_word' id='word_1_232' title='bbox 214 1421 429 1459; x_wconf 88' lang='lat' dir='ltr'><strong>tionibus</strong></span> <span class='ocrx_word' id='word_1_233' title='bbox 454 1421 617 1459; x_wconf 86' lang='lat' dir='ltr'><strong>iuncta</strong></span> <span class='ocrx_word' id='word_1_234' title='bbox 641 1421 844 1471; x_wconf 87' lang='lat' dir='ltr'><strong>integris</strong></span> <span class='ocrx_word' id='word_1_235' title='bbox 865 1421 1132 1460; x_wconf 84' lang='lat' dir='ltr'><strong>enuntiatis</strong></span> <span class='ocrx_word' id='word_1_236' title='bbox 1152 1420 1363 1470; x_wconf 84' lang='lat' dir='ltr'><strong>Syriacis</strong></span> <span class='ocrx_word' id='word_1_237' title='bbox 1389 1420 1743 1459; x_wconf 88' lang='lat' dir='ltr'><strong>circumeuntur</strong></span> 
     </span>
     <span class='ocr_line' id='line_1_24' title="bbox 216 1478 1743 1528; baseline -0.001 -10"><span class='ocrx_word' id='word_1_238' title='bbox 216 1480 298 1518; x_wconf 87' lang='lat' dir='ltr'><strong>sive</strong></span> <span class='ocrx_word' id='word_1_239' title='bbox 323 1479 459 1528; x_wconf 87' lang='lat' dir='ltr'><strong>primis</strong></span> <span class='ocrx_word' id='word_1_240' title='bbox 484 1480 566 1518; x_wconf 89' lang='lat' dir='ltr'><strong>sive</strong></span> <span class='ocrx_word' id='word_1_241' title='bbox 590 1479 706 1518; x_wconf 90' lang='lat' dir='ltr'><strong>rectis</strong></span> <span class='ocrx_word' id='word_1_242' title='bbox 732 1482 772 1518; x_wconf 88' lang='lat' dir='ltr'>et</span> <span class='ocrx_word' id='word_1_243' title='bbox 795 1491 930 1518; x_wconf 88' lang='lat' dir='ltr'><strong>rursus</strong></span> <span class='ocrx_word' id='word_1_244' title='bbox 955 1480 1097 1519; x_wconf 86' lang='lat' dir='ltr'><strong>verba</strong></span> <span class='ocrx_word' id='word_1_245' title='bbox 1120 1480 1195 1518; x_wconf 79' lang='lat' dir='ltr'>vel</span> <span class='ocrx_word' id='word_1_246' title='bbox 1220 1479 1467 1517; x_wconf 85' lang='lat' dir='ltr'><strong>enuntiata</strong></span> <span class='ocrx_word' id='word_1_247' title='bbox 1493 1478 1674 1518; x_wconf 84' lang='lat' dir='ltr'><strong>Graeca</strong></span> <span class='ocrx_word' id='word_1_248' title='bbox 1697 1480 1743 1517; x_wconf 91' lang='lat' dir='ltr'>in</span> 
     </span>
     <span class='ocr_line' id='line_1_25' title="bbox 215 1537 1742 1588; baseline 0 -13"><span class='ocrx_word' id='word_1_249' title='bbox 215 1538 401 1576; x_wconf 89' lang='lat' dir='ltr'><strong>nomina</strong></span> <span class='ocrx_word' id='word_1_250' title='bbox 431 1537 627 1588; x_wconf 83' lang='lat' dir='ltr'><strong>Syriaca</strong></span> <span class='ocrx_word' id='word_1_251' title='bbox 655 1540 910 1577; x_wconf 85' lang='lat' dir='ltr'><strong>transeunt</strong></span> <span class='ocrx_word' id='word_1_252' title='bbox 940 1538 1022 1578; x_wconf 82' lang='lat' dir='ltr'><strong>sive</strong></span> <span class='ocrx_word' id='word_1_253' title='bbox 1053 1538 1158 1576; x_wconf 86' lang='lat' dir='ltr'><strong>nuda</strong></span> <span class='ocrx_word' id='word_1_254' title='bbox 1188 1537 1270 1577; x_wconf 87' lang='lat' dir='ltr'><strong>sive</strong></span> <span class='ocrx_word' id='word_1_255' title='bbox 1300 1538 1651 1588; x_wconf 86' lang='lat' dir='ltr'><strong>praepositionibus</strong></span> <span class='ocrx_word' id='word_1_256' title='bbox 1687 1538 1742 1576; x_wconf 89' lang='lat' dir='ltr'>in-</span> 
     </span>
     <span class='ocr_line' id='line_1_26' title="bbox 216 1596 1742 1647; baseline 0 -13"><span class='ocrx_word' id='word_1_257' title='bbox 216 1597 377 1635; x_wconf 88' lang='lat' dir='ltr'><strong>structa.</strong></span> <span class='ocrx_word' id='word_1_258' title='bbox 419 1596 617 1646; x_wconf 90' lang='lat' dir='ltr'><strong>Prioris,</strong></span> <span class='ocrx_word' id='word_1_259' title='bbox 643 1597 746 1647; x_wconf 87' lang='lat' dir='ltr'><strong>quod</strong></span> <span class='ocrx_word' id='word_1_260' title='bbox 765 1597 1042 1647; x_wconf 83' lang='lat' dir='ltr'><strong>significabam,</strong></span> <span class='ocrx_word' id='word_1_261' title='bbox 1067 1597 1257 1647; x_wconf 84' lang='lat' dir='ltr'><strong>generis</strong></span> <span class='ocrx_word' id='word_1_262' title='bbox 1282 1596 1458 1645; x_wconf 83' lang='lat' dir='ltr'><strong>exempla</strong></span> <span class='ocrx_word' id='word_1_263' title='bbox 1476 1596 1631 1635; x_wconf 87' lang='lat' dir='ltr'><strong>obviam</strong></span> <span class='ocrx_word' id='word_1_264' title='bbox 1650 1598 1742 1635; x_wconf 88' lang='lat' dir='ltr'><strong>sunt</strong></span> 
     </span>
     <span class='ocr_line' id='line_1_27' title="bbox 219 1648 1743 1705; baseline 0 -12"><span class='ocrx_word' id='word_1_265' title='bbox 219 1655 338 1694; x_wconf 85' lang='lat' dir='ltr'><strong>Arist.</strong></span> <span class='ocrx_word' id='word_1_266' title='bbox 365 1655 413 1693; x_wconf 86' lang='lat' dir='ltr'>de</span> <span class='ocrx_word' id='word_1_267' title='bbox 437 1655 569 1693; x_wconf 89' lang='lat' dir='ltr'><strong>mund.</strong></span> <span class='ocrx_word' id='word_1_268' title='bbox 594 1654 640 1693; x_wconf 93' lang='lat' dir='ltr'>A.</span> <span class='ocrx_word' id='word_1_269' title='bbox 661 1655 697 1694; x_wconf 87' lang='lat' dir='ltr'>S.</span> <span class='ocrx_word' id='word_1_270' title='bbox 727 1657 819 1705; x_wconf 89' lang='lat'>135,</span> <span class='ocrx_word' id='word_1_271' title='bbox 841 1656 878 1705; x_wconf 91' lang='grc'>4,</span> <span class='ocrx_word' id='word_1_272' title='bbox 900 1657 936 1705; x_wconf 89' lang='grc'>9,</span> <span class='ocrx_word' id='word_1_273' title='bbox 960 1656 1030 1705; x_wconf 89' lang='grc'>13,</span> <span class='ocrx_word' id='word_1_274' title='bbox 1057 1656 1150 1704; x_wconf 90' lang='grc'>136,</span> <span class='ocrx_word' id='word_1_275' title='bbox 1173 1648 1293 1705; x_wconf 69' lang='grc'>1439),</span> <span class='ocrx_word' id='word_1_276' title='bbox 1318 1655 1410 1702; x_wconf 88' lang='grc'>142,</span> <span class='ocrx_word' id='word_1_277' title='bbox 1432 1656 1455 1693; x_wconf 90' lang='grc'>5</span> <span class='ocrx_word' id='word_1_278' title='bbox 1472 1667 1519 1705; x_wconf 90' lang='grc'>3.,</span> <span class='ocrx_word' id='word_1_279' title='bbox 1547 1656 1640 1703; x_wconf 87' lang='grc'>144,</span> <span class='ocrx_word' id='word_1_280' title='bbox 1661 1655 1743 1704; x_wconf 89' lang='grc'>33.,</span> 
     </span>
     <span class='ocr_line' id='line_1_28' title="bbox 218 1714 1742 1764; baseline -0.001 -12"><span class='ocrx_word' id='word_1_281' title='bbox 218 1714 376 1763; x_wconf 91' lang='grc'>9,145,</span> <span class='ocrx_word' id='word_1_282' title='bbox 398 1715 439 1763; x_wconf 91' lang='grc'>6,</span> <span class='ocrx_word' id='word_1_283' title='bbox 462 1715 556 1764; x_wconf 87' lang='grc'>147,</span> <span class='ocrx_word' id='word_1_284' title='bbox 575 1715 612 1762; x_wconf 91' lang='grc'>4,</span> <span class='ocrx_word' id='word_1_285' title='bbox 634 1715 706 1764; x_wconf 87' lang='grc'>30,</span> <span class='ocrx_word' id='word_1_286' title='bbox 729 1715 822 1764; x_wconf 88' lang='grc'>148,</span> <span class='ocrx_word' id='word_1_287' title='bbox 842 1715 879 1763; x_wconf 91' lang='grc'>3,</span> <span class='ocrx_word' id='word_1_288' title='bbox 902 1715 966 1764; x_wconf 93' lang='grc'>10,</span> <span class='ocrx_word' id='word_1_289' title='bbox 989 1715 1053 1764; x_wconf 88' lang='grc'>14,</span> <span class='ocrx_word' id='word_1_290' title='bbox 1074 1715 1261 1763; x_wconf 89' lang='grc'>24,154,</span> <span class='ocrx_word' id='word_1_291' title='bbox 1283 1714 1347 1763; x_wconf 89' lang='grc'>15,</span> <span class='ocrx_word' id='word_1_292' title='bbox 1370 1714 1523 1763; x_wconf 91' lang='grc'>21,25,</span> <span class='ocrx_word' id='word_1_293' title='bbox 1545 1714 1638 1762; x_wconf 89' lang='grc'>157,</span> <span class='ocrx_word' id='word_1_294' title='bbox 1654 1714 1676 1751; x_wconf 94' lang='grc'>7</span> <span class='ocrx_word' id='word_1_295' title='bbox 1693 1725 1742 1764; x_wconf 92' lang='grc'>3.,</span> 
     </span>
     <span class='ocr_line' id='line_1_29' title="bbox 215 1771 1744 1822; baseline 0 -12"><span class='ocrx_word' id='word_1_296' title='bbox 215 1772 333 1810; x_wconf 91' lang='lat' dir='ltr'><strong>Isocr.</strong></span> <span class='ocrx_word' id='word_1_297' title='bbox 363 1772 412 1810; x_wconf 88' lang='lat' dir='ltr'>ad</span> <span class='ocrx_word' id='word_1_298' title='bbox 446 1772 555 1811; x_wconf 87' lang='lat' dir='ltr'><strong>Dem.</strong></span> <span class='ocrx_word' id='word_1_299' title='bbox 580 1771 628 1811; x_wconf 87' lang='lat' dir='ltr'>A.</span> <span class='ocrx_word' id='word_1_300' title='bbox 653 1771 689 1811; x_wconf 89' lang='lat' dir='ltr'>S.</span> <span class='ocrx_word' id='word_1_301' title='bbox 719 1774 818 1822; x_wconf 87' lang='grc'>168,</span> <span class='ocrx_word' id='word_1_302' title='bbox 845 1774 888 1822; x_wconf 89' lang='grc'>6,</span> <span class='ocrx_word' id='word_1_303' title='bbox 915 1774 987 1822; x_wconf 89' lang='grc'>27,</span> <span class='ocrx_word' id='word_1_304' title='bbox 1015 1773 1114 1822; x_wconf 90' lang='grc'>169,</span> <span class='ocrx_word' id='word_1_305' title='bbox 1143 1773 1214 1822; x_wconf 88' lang='grc'>29,</span> <span class='ocrx_word' id='word_1_306' title='bbox 1243 1773 1341 1822; x_wconf 93' lang='grc'>170,</span> <span class='ocrx_word' id='word_1_307' title='bbox 1368 1773 1409 1822; x_wconf 93' lang='grc'>7,</span> <span class='ocrx_word' id='word_1_308' title='bbox 1437 1773 1508 1821; x_wconf 89' lang='grc'>26,</span> <span class='ocrx_word' id='word_1_309' title='bbox 1545 1773 1644 1821; x_wconf 93' lang='grc'>171,</span> <span class='ocrx_word' id='word_1_310' title='bbox 1671 1773 1744 1821; x_wconf 92' lang='grc'>28,</span> 
     </span>
     <span class='ocr_line' id='line_1_30' title="bbox 220 1830 1745 1881; baseline 0 -13"><span class='ocrx_word' id='word_1_311' title='bbox 220 1832 313 1879; x_wconf 89' lang='grc'>172,</span> <span class='ocrx_word' id='word_1_312' title='bbox 334 1831 421 1879; x_wconf 82' lang='grc'>63,,</span> <span class='ocrx_word' id='word_1_313' title='bbox 451 1831 551 1878; x_wconf 87' lang='grc'>173,</span> <span class='ocrx_word' id='word_1_314' title='bbox 571 1832 644 1880; x_wconf 93' lang='grc'>20,</span> <span class='ocrx_word' id='word_1_315' title='bbox 665 1832 736 1879; x_wconf 92' lang='grc'>21,</span> <span class='ocrx_word' id='word_1_316' title='bbox 765 1832 864 1878; x_wconf 91' lang='grc'>174,</span> <span class='ocrx_word' id='word_1_317' title='bbox 886 1832 928 1879; x_wconf 93' lang='grc'>2,</span> <span class='ocrx_word' id='word_1_318' title='bbox 951 1831 1022 1881; x_wconf 93' lang='grc'>14,</span> <span class='ocrx_word' id='word_1_319' title='bbox 1045 1832 1115 1880; x_wconf 90' lang='grc'>19,</span> <span class='ocrx_word' id='word_1_320' title='bbox 1143 1831 1242 1877; x_wconf 91' lang='grc'>176,</span> <span class='ocrx_word' id='word_1_321' title='bbox 1264 1831 1364 1877; x_wconf 88' lang='lat' dir='ltr'><strong>6ss.,</strong></span> <span class='ocrx_word' id='word_1_322' title='bbox 1387 1832 1457 1878; x_wconf 82' lang='lat'>173</span> <span class='ocrx_word' id='word_1_323' title='bbox 1482 1830 1574 1868; x_wconf 87' lang='lat' dir='ltr'>Luc.</span> <span class='ocrx_word' id='word_1_324' title='bbox 1601 1830 1648 1868; x_wconf 87' lang='lat' dir='ltr'>de</span> <span class='ocrx_word' id='word_1_325' title='bbox 1673 1830 1745 1868; x_wconf 84' lang='lat' dir='ltr'><strong>cal.</strong></span> 
     </span>
     <span class='ocr_line' id='line_1_31' title="bbox 215 1888 1743 1940; baseline -0.001 -13"><span class='ocrx_word' id='word_1_326' title='bbox 215 1888 247 1927; x_wconf 92' lang='lat' dir='ltr'>I.</span> <span class='ocrx_word' id='word_1_327' title='bbox 274 1888 313 1927; x_wconf 87' lang='lat' dir='ltr'>S.</span> <span class='ocrx_word' id='word_1_328' title='bbox 340 1890 508 1939; x_wconf 82' lang='lat' dir='ltr'>2,18s.‚</span> <span class='ocrx_word' id='word_1_329' title='bbox 535 1891 600 1939; x_wconf 89' lang='grc'>19,</span> <span class='ocrx_word' id='word_1_330' title='bbox 621 1890 1356 1940; x_wconf 84' lang='grc'>20,3,8,113.,4,17,19;5,17,</span> <span class='ocrx_word' id='word_1_331' title='bbox 1384 1890 1427 1938; x_wconf 91' lang='grc'>6,</span> <span class='ocrx_word' id='word_1_332' title='bbox 1457 1889 1508 1926; x_wconf 92' lang='grc'>16</span> <span class='ocrx_word' id='word_1_333' title='bbox 1523 1901 1571 1938; x_wconf 88' lang='grc'>3.,</span> <span class='ocrx_word' id='word_1_334' title='bbox 1599 1890 1635 1936; x_wconf 87' lang='lat'>7,</span> <span class='ocrx_word' id='word_1_335' title='bbox 1658 1891 1743 1938; x_wconf 83' lang='lat' dir='ltr'>ls.;</span> 
     </span>
     <span class='ocr_line' id='line_1_32' title="bbox 219 1947 1744 1998; baseline -0.001 -13"><span class='ocrx_word' id='word_1_336' title='bbox 219 1948 394 1997; x_wconf 81' lang='grc'>8,123.,</span> <span class='ocrx_word' id='word_1_337' title='bbox 414 1948 464 1985; x_wconf 93' lang='grc'>21</span> <span class='ocrx_word' id='word_1_338' title='bbox 483 1959 528 1996; x_wconf 84' lang='grc'>3.,</span> <span class='ocrx_word' id='word_1_339' title='bbox 556 1949 598 1998; x_wconf 89' lang='grc'>9,</span> <span class='ocrx_word' id='word_1_340' title='bbox 625 1949 712 1996; x_wconf 76' lang='grc'>63,,</span> <span class='ocrx_word' id='word_1_341' title='bbox 733 1948 902 1998; x_wconf 80' lang='lat'>21310,</span> <span class='ocrx_word' id='word_1_342' title='bbox 925 1950 994 1997; x_wconf 92' lang='grc'>11,</span> <span class='ocrx_word' id='word_1_343' title='bbox 1021 1948 1092 1996; x_wconf 89' lang='grc'>12,</span> <span class='ocrx_word' id='word_1_344' title='bbox 1120 1948 1190 1995; x_wconf 94' lang='grc'>11,</span> <span class='ocrx_word' id='word_1_345' title='bbox 1211 1948 1253 1993; x_wconf 89' lang='grc'>8,</span> <span class='ocrx_word' id='word_1_346' title='bbox 1276 1948 1446 1995; x_wconf 89' lang='grc'>10,12,</span> <span class='ocrx_word' id='word_1_347' title='bbox 1473 1948 1516 1996; x_wconf 90' lang='grc'>6,</span> <span class='ocrx_word' id='word_1_348' title='bbox 1536 1947 1579 1996; x_wconf 92' lang='grc'>8,</span> <span class='ocrx_word' id='word_1_349' title='bbox 1609 1948 1679 1997; x_wconf 90' lang='lat'>16,</span> <span class='ocrx_word' id='word_1_350' title='bbox 1700 1948 1744 1996; x_wconf 92' lang='grc'>6,</span> 
     </span>
     <span class='ocr_line' id='line_1_33' title="bbox 217 2005 1744 2055; baseline -0.001 -12"><span class='ocrx_word' id='word_1_351' title='bbox 217 2005 406 2044; x_wconf 88' lang='lat' dir='ltr'><strong>Themist.</strong></span> <span class='ocrx_word' id='word_1_352' title='bbox 431 2007 479 2044; x_wconf 89' lang='lat' dir='ltr'>de</span> <span class='ocrx_word' id='word_1_353' title='bbox 504 2006 612 2045; x_wconf 84' lang='lat' dir='ltr'><strong>amic.</strong></span> <span class='ocrx_word' id='word_1_354' title='bbox 639 2006 669 2044; x_wconf 91' lang='grc' dir='ltr'>Ι.</span> <span class='ocrx_word' id='word_1_355' title='bbox 696 2006 732 2044; x_wconf 89' lang='lat' dir='ltr'>S.</span> <span class='ocrx_word' id='word_1_356' title='bbox 758 2007 825 2053; x_wconf 87' lang='lat'>48,</span> <span class='ocrx_word' id='word_1_357' title='bbox 847 2007 883 2055; x_wconf 92' lang='lat'>5,</span> <span class='ocrx_word' id='word_1_358' title='bbox 906 2007 959 2044; x_wconf 94' lang='lat'>10</span> <span class='ocrx_word' id='word_1_359' title='bbox 973 2018 1035 2053; x_wconf 86' lang='lat' dir='ltr'><strong>ss.,</strong></span> <span class='ocrx_word' id='word_1_360' title='bbox 1057 2006 1127 2055; x_wconf 91' lang='grc'>15,</span> <span class='ocrx_word' id='word_1_361' title='bbox 1153 2006 1219 2055; x_wconf 89' lang='grc'>49,</span> <span class='ocrx_word' id='word_1_362' title='bbox 1242 2007 1263 2043; x_wconf 95' lang='grc'>7</span> <span class='ocrx_word' id='word_1_363' title='bbox 1280 2017 1320 2054; x_wconf 83' lang='grc'>3.,</span> <span class='ocrx_word' id='word_1_364' title='bbox 1342 2006 1413 2054; x_wconf 90' lang='grc'>15,</span> <span class='ocrx_word' id='word_1_365' title='bbox 1440 2006 1506 2055; x_wconf 88' lang='grc'>50,</span> <span class='ocrx_word' id='word_1_366' title='bbox 1526 2006 1564 2054; x_wconf 90' lang='grc'>2,</span> <span class='ocrx_word' id='word_1_367' title='bbox 1586 2006 1657 2054; x_wconf 91' lang='grc'>13,</span> <span class='ocrx_word' id='word_1_368' title='bbox 1679 2006 1744 2052; x_wconf 87' lang='grc'>14,</span> 
     </span>
     <span class='ocr_line' id='line_1_34' title="bbox 218 2064 1744 2115; baseline 0 -13"><span class='ocrx_word' id='word_1_369' title='bbox 218 2065 291 2114; x_wconf 88' lang='grc'>24,</span> <span class='ocrx_word' id='word_1_370' title='bbox 311 2066 378 2114; x_wconf 91' lang='grc'>51,</span> <span class='ocrx_word' id='word_1_371' title='bbox 401 2065 473 2114; x_wconf 83' lang='grc'>24,</span> <span class='ocrx_word' id='word_1_372' title='bbox 493 2066 559 2110; x_wconf 89' lang='grc'>52,</span> <span class='ocrx_word' id='word_1_373' title='bbox 579 2066 616 2115; x_wconf 89' lang='grc'>5,</span> <span class='ocrx_word' id='word_1_374' title='bbox 638 2067 675 2115; x_wconf 88' lang='grc'>6,</span> <span class='ocrx_word' id='word_1_375' title='bbox 697 2067 732 2114; x_wconf 92' lang='grc'>7,</span> <span class='ocrx_word' id='word_1_376' title='bbox 757 2067 805 2102; x_wconf 95' lang='grc'>11</span> <span class='ocrx_word' id='word_1_377' title='bbox 823 2077 871 2114; x_wconf 87' lang='grc'>3.,</span> <span class='ocrx_word' id='word_1_378' title='bbox 891 2065 958 2112; x_wconf 89' lang='grc'>55,</span> <span class='ocrx_word' id='word_1_379' title='bbox 982 2066 1045 2115; x_wconf 91' lang='grc'>14,</span> <span class='ocrx_word' id='word_1_380' title='bbox 1067 2066 1132 2114; x_wconf 91' lang='grc'>19,</span> <span class='ocrx_word' id='word_1_381' title='bbox 1153 2065 1223 2113; x_wconf 91' lang='grc'>22,</span> <span class='ocrx_word' id='word_1_382' title='bbox 1244 2064 1310 2113; x_wconf 91' lang='grc'>56,</span> <span class='ocrx_word' id='word_1_383' title='bbox 1326 2065 1472 2112; x_wconf 81' lang='grc'>2,933.,</span> <span class='ocrx_word' id='word_1_384' title='bbox 1495 2064 1565 2112; x_wconf 89' lang='grc'>24,</span> <span class='ocrx_word' id='word_1_385' title='bbox 1587 2065 1744 2111; x_wconf 80' lang='grc'>57,63.,</span> 
     </span>
     <span class='ocr_line' id='line_1_35' title="bbox 221 2122 1745 2173; baseline 0 -13"><span class='ocrx_word' id='word_1_386' title='bbox 221 2124 286 2173; x_wconf 88' lang='lat'>15,</span> <span class='ocrx_word' id='word_1_387' title='bbox 307 2124 359 2161; x_wconf 88' lang='lat'>23</span> <span class='ocrx_word' id='word_1_388' title='bbox 373 2134 419 2172; x_wconf 86' lang='lat' dir='ltr'>s.;</span> <span class='ocrx_word' id='word_1_389' title='bbox 446 2124 517 2170; x_wconf 88' lang='lat'>58,</span> <span class='ocrx_word' id='word_1_390' title='bbox 538 2125 617 2170; x_wconf 87' lang='lat' dir='ltr'>4s.,</span> <span class='ocrx_word' id='word_1_391' title='bbox 639 2125 725 2172; x_wconf 91' lang='lat' dir='ltr'>6s.,</span> <span class='ocrx_word' id='word_1_392' title='bbox 751 2124 822 2172; x_wconf 88' lang='lat'>59,</span> <span class='ocrx_word' id='word_1_393' title='bbox 843 2124 886 2171; x_wconf 92' lang='lat'>4,</span> <span class='ocrx_word' id='word_1_394' title='bbox 911 2124 963 2162; x_wconf 88' lang='lat'>15</span> <span class='ocrx_word' id='word_1_395' title='bbox 979 2135 1026 2172; x_wconf 86' lang='lat' dir='ltr'>s.;</span> <span class='ocrx_word' id='word_1_396' title='bbox 1052 2124 1118 2172; x_wconf 91' lang='grc'>60,</span> <span class='ocrx_word' id='word_1_397' title='bbox 1138 2123 1224 2172; x_wconf 62' lang='grc'>33,</span> <span class='ocrx_word' id='word_1_398' title='bbox 1251 2122 1416 2171; x_wconf 89' lang='grc'>63,19,</span> <span class='ocrx_word' id='word_1_399' title='bbox 1437 2123 1509 2171; x_wconf 92' lang='grc'>20,</span> <span class='ocrx_word' id='word_1_400' title='bbox 1535 2123 1606 2169; x_wconf 91' lang='grc'>64,</span> <span class='ocrx_word' id='word_1_401' title='bbox 1629 2123 1681 2160; x_wconf 90' lang='grc'>12</span> <span class='ocrx_word' id='word_1_402' title='bbox 1696 2135 1745 2171; x_wconf 83' lang='grc'>3.,</span> 
     </span>
     <span class='ocr_line' id='line_1_36' title="bbox 220 2181 1744 2232; baseline 0 -14"><span class='ocrx_word' id='word_1_403' title='bbox 220 2181 326 2220; x_wconf 90' lang='lat' dir='ltr'><strong>Plut.</strong></span> <span class='ocrx_word' id='word_1_404' title='bbox 352 2181 399 2219; x_wconf 87' lang='lat' dir='ltr'>de</span> <span class='ocrx_word' id='word_1_405' title='bbox 424 2181 549 2219; x_wconf 87' lang='lat' dir='ltr'>cohib.</span> <span class='ocrx_word' id='word_1_406' title='bbox 573 2182 618 2219; x_wconf 91' lang='lat' dir='ltr'>ir.</span> <span class='ocrx_word' id='word_1_407' title='bbox 644 2182 691 2220; x_wconf 89' lang='lat' dir='ltr'>A.</span> <span class='ocrx_word' id='word_1_408' title='bbox 711 2181 748 2219; x_wconf 92' lang='lat' dir='ltr'>S.</span> <span class='ocrx_word' id='word_1_409' title='bbox 771 2182 865 2228; x_wconf 88' lang='lat'>187,</span> <span class='ocrx_word' id='word_1_410' title='bbox 888 2183 952 2232; x_wconf 91' lang='lat'>11,</span> <span class='ocrx_word' id='word_1_411' title='bbox 974 2182 1039 2232; x_wconf 86' lang='lat'>22,</span> <span class='ocrx_word' id='word_1_412' title='bbox 1060 2182 1133 2230; x_wconf 87' lang='grc'>24,</span> <span class='ocrx_word' id='word_1_413' title='bbox 1162 2181 1254 2230; x_wconf 91' lang='grc'>189,</span> <span class='ocrx_word' id='word_1_414' title='bbox 1276 2182 1325 2217; x_wconf 96' lang='grc'>11</span> <span class='ocrx_word' id='word_1_415' title='bbox 1343 2192 1383 2227; x_wconf 82' lang='grc'>3.,</span> <span class='ocrx_word' id='word_1_416' title='bbox 1406 2181 1476 2230; x_wconf 90' lang='grc'>13,</span> <span class='ocrx_word' id='word_1_417' title='bbox 1498 2182 1592 2228; x_wconf 88' lang='grc'>190,</span> <span class='ocrx_word' id='word_1_418' title='bbox 1613 2182 1650 2230; x_wconf 91' lang='grc'>6,</span> <span class='ocrx_word' id='word_1_419' title='bbox 1671 2182 1744 2229; x_wconf 92' lang='grc'>21,</span> 
     </span>
     <span class='ocr_line' id='line_1_37' title="bbox 222 2238 1744 2290; baseline -0.001 -12"><span class='ocrx_word' id='word_1_420' title='bbox 222 2241 322 2290; x_wconf 89' lang='grc'>191,</span> <span class='ocrx_word' id='word_1_421' title='bbox 349 2241 401 2278; x_wconf 86' lang='lat'>12</span> <span class='ocrx_word' id='word_1_422' title='bbox 417 2251 464 2289; x_wconf 79' lang='grc'>3.,</span> <span class='ocrx_word' id='word_1_423' title='bbox 494 2241 593 2290; x_wconf 92' lang='grc'>192,</span> <span class='ocrx_word' id='word_1_424' title='bbox 615 2241 665 2278; x_wconf 91' lang='grc'>11</span> <span class='ocrx_word' id='word_1_425' title='bbox 683 2252 728 2289; x_wconf 87' lang='grc'>3.,</span> <span class='ocrx_word' id='word_1_426' title='bbox 759 2241 858 2290; x_wconf 89' lang='grc'>194,</span> <span class='ocrx_word' id='word_1_427' title='bbox 887 2241 952 2278; x_wconf 92' lang='grc'>24.</span> <span class='ocrx_word' id='word_1_428' title='bbox 1001 2240 1125 2277; x_wconf 86' lang='lat' dir='ltr'><strong>Multo</strong></span> <span class='ocrx_word' id='word_1_429' title='bbox 1150 2239 1299 2276; x_wconf 83' lang='lat' dir='ltr'><strong>rariora</strong></span> <span class='ocrx_word' id='word_1_430' title='bbox 1324 2239 1416 2276; x_wconf 87' lang='lat' dir='ltr'><strong>sunt</strong></span> <span class='ocrx_word' id='word_1_431' title='bbox 1439 2238 1639 2277; x_wconf 85' lang='lat' dir='ltr'><strong>alterius</strong></span> <span class='ocrx_word' id='word_1_432' title='bbox 1664 2250 1744 2288; x_wconf 85' lang='lat' dir='ltr'>ge·</span> 
     </span>
     <span class='ocr_line' id='line_1_38' title="bbox 217 2295 1744 2347; baseline -0.001 -11"><span class='ocrx_word' id='word_1_433' title='bbox 217 2299 348 2336; x_wconf 86' lang='lat' dir='ltr'><strong>neris</strong></span> <span class='ocrx_word' id='word_1_434' title='bbox 385 2298 580 2347; x_wconf 86' lang='lat' dir='ltr'><strong>exempla,</strong></span> <span class='ocrx_word' id='word_1_435' title='bbox 616 2299 798 2336; x_wconf 91' lang='lat' dir='ltr'><strong>nimirum</strong></span> <span class='ocrx_word' id='word_1_436' title='bbox 829 2298 951 2336; x_wconf 86' lang='lat' dir='ltr'><strong>Arist.</strong></span> <span class='ocrx_word' id='word_1_437' title='bbox 981 2298 1027 2336; x_wconf 90' lang='lat' dir='ltr'>de</span> <span class='ocrx_word' id='word_1_438' title='bbox 1058 2297 1188 2335; x_wconf 89' lang='lat' dir='ltr'><strong>mund.</strong></span> <span class='ocrx_word' id='word_1_439' title='bbox 1219 2296 1264 2334; x_wconf 91' lang='lat' dir='ltr'>A.</span> <span class='ocrx_word' id='word_1_440' title='bbox 1298 2295 1334 2335; x_wconf 92' lang='lat' dir='ltr'>S.</span> <span class='ocrx_word' id='word_1_441' title='bbox 1371 2298 1470 2346; x_wconf 88' lang='lat'>135,</span> <span class='ocrx_word' id='word_1_442' title='bbox 1500 2298 1543 2347; x_wconf 90' lang='grc'>9,</span> <span class='ocrx_word' id='word_1_443' title='bbox 1576 2298 1675 2346; x_wconf 90' lang='grc'>140,</span> <span class='ocrx_word' id='word_1_444' title='bbox 1702 2297 1744 2346; x_wconf 87' lang='grc'>7,</span> 
     </span>
     <span class='ocr_line' id='line_1_39' title="bbox 221 2355 1745 2407; baseline -0.001 -13"><span class='ocrx_word' id='word_1_445' title='bbox 221 2357 322 2406; x_wconf 92' lang='grc'>144,</span> <span class='ocrx_word' id='word_1_446' title='bbox 348 2358 418 2406; x_wconf 93' lang='grc'>19,</span> <span class='ocrx_word' id='word_1_447' title='bbox 446 2357 540 2407; x_wconf 90' lang='grc'>147,</span> <span class='ocrx_word' id='word_1_448' title='bbox 569 2357 641 2406; x_wconf 91' lang='grc'>23,</span> <span class='ocrx_word' id='word_1_449' title='bbox 669 2357 768 2406; x_wconf 88' lang='grc'>155,</span> <span class='ocrx_word' id='word_1_450' title='bbox 798 2358 867 2406; x_wconf 92' lang='grc'>10,</span> <span class='ocrx_word' id='word_1_451' title='bbox 891 2357 1010 2395; x_wconf 86' lang='lat' dir='ltr'><strong>Isocr.</strong></span> <span class='ocrx_word' id='word_1_452' title='bbox 1035 2356 1083 2394; x_wconf 83' lang='lat' dir='ltr'>ad</span> <span class='ocrx_word' id='word_1_453' title='bbox 1106 2355 1215 2394; x_wconf 90' lang='lat' dir='ltr'><strong>Dem.</strong></span> <span class='ocrx_word' id='word_1_454' title='bbox 1242 2355 1288 2393; x_wconf 92' lang='lat' dir='ltr'>A.</span> <span class='ocrx_word' id='word_1_455' title='bbox 1315 2355 1351 2393; x_wconf 90' lang='lat' dir='ltr'>S.</span> <span class='ocrx_word' id='word_1_456' title='bbox 1380 2356 1479 2404; x_wconf 91' lang='lat'>169,</span> <span class='ocrx_word' id='word_1_457' title='bbox 1505 2357 1548 2404; x_wconf 91' lang='grc'>9,</span> <span class='ocrx_word' id='word_1_458' title='bbox 1576 2357 1675 2402; x_wconf 87' lang='grc'>170,</span> <span class='ocrx_word' id='word_1_459' title='bbox 1703 2357 1745 2404; x_wconf 94' lang='grc'>1,</span> 
     </span>
     <span class='ocr_line' id='line_1_40' title="bbox 222 2414 1743 2465; baseline -0.002 -11"><span class='ocrx_word' id='word_1_460' title='bbox 222 2416 324 2465; x_wconf 89' lang='grc'>174,</span> <span class='ocrx_word' id='word_1_461' title='bbox 351 2416 438 2464; x_wconf 82' lang='grc'>43.,</span> <span class='ocrx_word' id='word_1_462' title='bbox 463 2414 554 2453; x_wconf 86' lang='lat' dir='ltr'>Luc.</span> <span class='ocrx_word' id='word_1_463' title='bbox 581 2415 628 2452; x_wconf 92' lang='lat' dir='ltr'>de</span> <span class='ocrx_word' id='word_1_464' title='bbox 654 2415 723 2453; x_wconf 88' lang='lat' dir='ltr'><strong>cal.</strong></span> <span class='ocrx_word' id='word_1_465' title='bbox 749 2414 778 2452; x_wconf 90' lang='grc' dir='ltr'>Ι.</span> <span class='ocrx_word' id='word_1_466' title='bbox 806 2414 842 2452; x_wconf 92' lang='lat' dir='ltr'>S.</span> <span class='ocrx_word' id='word_1_467' title='bbox 871 2417 913 2464; x_wconf 89' lang='lat'>1,</span> <span class='ocrx_word' id='word_1_468' title='bbox 941 2416 1010 2464; x_wconf 87' lang='grc'>10,</span> <span class='ocrx_word' id='word_1_469' title='bbox 1037 2415 1080 2462; x_wconf 93' lang='grc'>8,</span> <span class='ocrx_word' id='word_1_470' title='bbox 1109 2415 1223 2463; x_wconf 66' lang='grc'>173,</span> <span class='ocrx_word' id='word_1_471' title='bbox 1252 2414 1323 2462; x_wconf 91' lang='grc'>10,</span> <span class='ocrx_word' id='word_1_472' title='bbox 1349 2415 1392 2463; x_wconf 87' lang='grc'>7,</span> <span class='ocrx_word' id='word_1_473' title='bbox 1426 2416 1495 2463; x_wconf 94' lang='grc'>11,</span> <span class='ocrx_word' id='word_1_474' title='bbox 1523 2414 1565 2462; x_wconf 85' lang='grc'>2,</span> <span class='ocrx_word' id='word_1_475' title='bbox 1601 2415 1673 2462; x_wconf 89' lang='grc'>15,</span> <span class='ocrx_word' id='word_1_476' title='bbox 1700 2415 1743 2463; x_wconf 87' lang='grc'>6,</span> 
     </span>
     <span class='ocr_line' id='line_1_41' title="bbox 220 2472 1744 2523; baseline -0.001 -12"><span class='ocrx_word' id='word_1_477' title='bbox 220 2473 407 2512; x_wconf 86' lang='lat' dir='ltr'><strong>Themist.</strong></span> <span class='ocrx_word' id='word_1_478' title='bbox 428 2473 476 2511; x_wconf 89' lang='lat' dir='ltr'>de</span> <span class='ocrx_word' id='word_1_479' title='bbox 489 2474 598 2511; x_wconf 84' lang='lat' dir='ltr'><strong>amic.</strong></span> <span class='ocrx_word' id='word_1_480' title='bbox 613 2473 641 2511; x_wconf 95' lang='lat' dir='ltr'>I.</span> <span class='ocrx_word' id='word_1_481' title='bbox 657 2472 693 2511; x_wconf 91' lang='lat' dir='ltr'>S.</span> <span class='ocrx_word' id='word_1_482' title='bbox 706 2474 772 2522; x_wconf 87' lang='lat'>48,</span> <span class='ocrx_word' id='word_1_483' title='bbox 785 2474 877 2523; x_wconf 91' lang='grc'>4,7,</span> <span class='ocrx_word' id='word_1_484' title='bbox 896 2474 964 2519; x_wconf 86' lang='lat'>49,</span> <span class='ocrx_word' id='word_1_485' title='bbox 979 2474 1050 2522; x_wconf 92' lang='grc'>10,</span> <span class='ocrx_word' id='word_1_486' title='bbox 1070 2474 1218 2522; x_wconf 90' lang='grc'>56,21,</span> <span class='ocrx_word' id='word_1_487' title='bbox 1240 2473 1427 2522; x_wconf 81' lang='grc'>61,253.,</span> <span class='ocrx_word' id='word_1_488' title='bbox 1447 2472 1616 2522; x_wconf 88' lang='grc'>64,1,4,</span> <span class='ocrx_word' id='word_1_489' title='bbox 1632 2473 1744 2520; x_wconf 89' lang='lat'>65,1.</span> 
     </span>
    </p>

    <p class='ocr_par' dir='ltr' id='par_1_6' title="bbox 219 2529 1744 2934">
     <span class='ocr_line' id='line_1_42' title="bbox 336 2529 1743 2582; baseline -0.001 -12"><span class='ocrx_word' id='word_1_490' title='bbox 336 2532 395 2570; x_wconf 89' lang='lat' dir='ltr'>De</span> <span class='ocrx_word' id='word_1_491' title='bbox 421 2531 702 2570; x_wconf 85' lang='lat' dir='ltr'><strong>sententiarum</strong></span> <span class='ocrx_word' id='word_1_492' title='bbox 728 2531 876 2582; x_wconf 90' lang='lat' dir='ltr'><strong>deinde,</strong></span> <span class='ocrx_word' id='word_1_493' title='bbox 902 2543 1001 2580; x_wconf 86' lang='lat' dir='ltr'><strong>quae</strong></span> <span class='ocrx_word' id='word_1_494' title='bbox 1026 2534 1066 2569; x_wconf 88' lang='lat' dir='ltr'>et</span> <span class='ocrx_word' id='word_1_495' title='bbox 1090 2532 1129 2568; x_wconf 87' lang='lat' dir='ltr'>in</span> <span class='ocrx_word' id='word_1_496' title='bbox 1151 2529 1435 2579; x_wconf 86' lang='lat' dir='ltr'><strong>exemplaribus</strong></span> <span class='ocrx_word' id='word_1_497' title='bbox 1456 2529 1612 2568; x_wconf 86' lang='lat' dir='ltr'><strong>Graecis</strong></span> <span class='ocrx_word' id='word_1_498' title='bbox 1640 2532 1681 2568; x_wconf 92' lang='lat' dir='ltr'>et</span> <span class='ocrx_word' id='word_1_499' title='bbox 1704 2530 1743 2568; x_wconf 90' lang='lat' dir='ltr'>in</span> 
     </span>
     <span class='ocr_line' id='line_1_43' title="bbox 220 2588 1743 2641; baseline -0.001 -12"><span class='ocrx_word' id='word_1_500' title='bbox 220 2590 466 2630; x_wconf 86' lang='lat' dir='ltr'><strong>versionibus</strong></span> <span class='ocrx_word' id='word_1_501' title='bbox 490 2589 659 2641; x_wconf 84' lang='lat' dir='ltr'><strong>Syriacis</strong></span> <span class='ocrx_word' id='word_1_502' title='bbox 683 2590 860 2641; x_wconf 83' lang='lat' dir='ltr'><strong>integrae</strong></span> <span class='ocrx_word' id='word_1_503' title='bbox 886 2592 988 2637; x_wconf 88' lang='lat' dir='ltr'><strong>sunt,</strong></span> <span class='ocrx_word' id='word_1_504' title='bbox 1012 2591 1211 2627; x_wconf 86' lang='lat' dir='ltr'><strong>structura</strong></span> <span class='ocrx_word' id='word_1_505' title='bbox 1236 2589 1330 2627; x_wconf 87' lang='lat' dir='ltr'><strong>haec</strong></span> <span class='ocrx_word' id='word_1_506' title='bbox 1354 2588 1434 2626; x_wconf 88' lang='lat' dir='ltr'><strong>fere</strong></span> <span class='ocrx_word' id='word_1_507' title='bbox 1460 2588 1641 2626; x_wconf 85' lang='lat' dir='ltr'><strong>videntur</strong></span> <span class='ocrx_word' id='word_1_508' title='bbox 1666 2601 1743 2627; x_wconf 92' lang='lat' dir='ltr'><strong>mo-</strong></span> 
     </span>
     <span class='ocr_line' id='line_1_44' title="bbox 219 2646 1744 2696; baseline -0.002 -9"><span class='ocrx_word' id='word_1_509' title='bbox 219 2648 347 2687; x_wconf 87' lang='lat' dir='ltr'><strong>nenda</strong></span> <span class='ocrx_word' id='word_1_510' title='bbox 371 2660 472 2687; x_wconf 87' lang='lat' dir='ltr'><strong>esse:</strong></span> <span class='ocrx_word' id='word_1_511' title='bbox 507 2648 719 2688; x_wconf 84' lang='lat' dir='ltr'><strong>Universae</strong></span> <span class='ocrx_word' id='word_1_512' title='bbox 744 2649 961 2687; x_wconf 87' lang='lat' dir='ltr'><strong>structurae</strong></span> <span class='ocrx_word' id='word_1_513' title='bbox 992 2647 1049 2686; x_wconf 85' lang='lat' dir='ltr'>ita</span> <span class='ocrx_word' id='word_1_514' title='bbox 1078 2648 1128 2686; x_wconf 91' lang='lat' dir='ltr'>ab</span> <span class='ocrx_word' id='word_1_515' title='bbox 1152 2647 1365 2696; x_wconf 84' lang='lat' dir='ltr'><strong>interprete</strong></span> <span class='ocrx_word' id='word_1_516' title='bbox 1395 2646 1667 2695; x_wconf 85' lang='lat' dir='ltr'><strong>immutantur,</strong></span> <span class='ocrx_word' id='word_1_517' title='bbox 1698 2648 1744 2684; x_wconf 88' lang='lat' dir='ltr'>ut</span> 
     </span>
     <span class='ocr_line' id='line_1_45' title="bbox 221 2703 1743 2756; baseline -0.001 -11"><span class='ocrx_word' id='word_1_518' title='bbox 221 2707 409 2747; x_wconf 83' lang='lat' dir='ltr'><strong>activae</strong></span> <span class='ocrx_word' id='word_1_519' title='bbox 445 2709 694 2746; x_wconf 87' lang='lat' dir='ltr'><strong>transeant</strong></span> <span class='ocrx_word' id='word_1_520' title='bbox 729 2707 775 2745; x_wconf 91' lang='lat' dir='ltr'>in</span> <span class='ocrx_word' id='word_1_521' title='bbox 811 2707 1027 2756; x_wconf 81' lang='lat' dir='ltr'><strong>passivas</strong></span> <span class='ocrx_word' id='word_1_522' title='bbox 1058 2706 1179 2744; x_wconf 89' lang='lat' dir='ltr'><strong>Arist.</strong></span> <span class='ocrx_word' id='word_1_523' title='bbox 1205 2705 1252 2744; x_wconf 86' lang='lat' dir='ltr'>de</span> <span class='ocrx_word' id='word_1_524' title='bbox 1276 2703 1407 2743; x_wconf 88' lang='lat' dir='ltr'><strong>mund.</strong></span> <span class='ocrx_word' id='word_1_525' title='bbox 1434 2705 1479 2743; x_wconf 90' lang='lat' dir='ltr'>A.</span> <span class='ocrx_word' id='word_1_526' title='bbox 1506 2704 1544 2744; x_wconf 87' lang='lat' dir='ltr'>S.</span> <span class='ocrx_word' id='word_1_527' title='bbox 1573 2706 1672 2754; x_wconf 89' lang='grc'>139,</span> <span class='ocrx_word' id='word_1_528' title='bbox 1699 2706 1743 2755; x_wconf 91' lang='grc'>9,</span> 
     </span>
     <span class='ocr_line' id='line_1_46' title="bbox 223 2764 1744 2815; baseline -0.002 -11"><span class='ocrx_word' id='word_1_529' title='bbox 223 2766 324 2814; x_wconf 90' lang='grc'>140,</span> <span class='ocrx_word' id='word_1_530' title='bbox 352 2766 423 2815; x_wconf 90' lang='grc'>25,</span> <span class='ocrx_word' id='word_1_531' title='bbox 453 2765 570 2804; x_wconf 86' lang='lat' dir='ltr'><strong>Isocr.</strong></span> <span class='ocrx_word' id='word_1_532' title='bbox 601 2765 650 2804; x_wconf 84' lang='lat' dir='ltr'>ad</span> <span class='ocrx_word' id='word_1_533' title='bbox 680 2765 790 2804; x_wconf 89' lang='lat' dir='ltr'><strong>Dem.</strong></span> <span class='ocrx_word' id='word_1_534' title='bbox 815 2764 862 2803; x_wconf 93' lang='lat' dir='ltr'>A.</span> <span class='ocrx_word' id='word_1_535' title='bbox 887 2764 926 2803; x_wconf 90' lang='lat' dir='ltr'>S.</span> <span class='ocrx_word' id='word_1_536' title='bbox 954 2766 1053 2812; x_wconf 89' lang='lat'>168,</span> <span class='ocrx_word' id='word_1_537' title='bbox 1080 2765 1122 2812; x_wconf 88' lang='lat'>3,</span> <span class='ocrx_word' id='word_1_538' title='bbox 1152 2765 1223 2814; x_wconf 91' lang='grc'>20,</span> <span class='ocrx_word' id='word_1_539' title='bbox 1251 2764 1350 2813; x_wconf 87' lang='grc'>169,</span> <span class='ocrx_word' id='word_1_540' title='bbox 1378 2765 1419 2811; x_wconf 93' lang='grc'>7,</span> <span class='ocrx_word' id='word_1_541' title='bbox 1448 2764 1518 2813; x_wconf 92' lang='grc'>21,</span> <span class='ocrx_word' id='word_1_542' title='bbox 1546 2764 1645 2814; x_wconf 93' lang='grc'>170,</span> <span class='ocrx_word' id='word_1_543' title='bbox 1671 2764 1744 2812; x_wconf 92' lang='grc'>24,</span> 
     </span>
     <span class='ocr_line' id='line_1_47' title="bbox 224 2820 1744 2875; baseline -0.003 -12"><span class='ocrx_word' id='word_1_544' title='bbox 224 2825 319 2874; x_wconf 93' lang='grc'>172,</span> <span class='ocrx_word' id='word_1_545' title='bbox 338 2825 376 2873; x_wconf 89' lang='grc'>4,</span> <span class='ocrx_word' id='word_1_546' title='bbox 397 2826 434 2874; x_wconf 89' lang='grc'>9,</span> <span class='ocrx_word' id='word_1_547' title='bbox 456 2825 526 2873; x_wconf 89' lang='grc'>16,</span> <span class='ocrx_word' id='word_1_548' title='bbox 554 2825 655 2875; x_wconf 91' lang='grc'>174,</span> <span class='ocrx_word' id='word_1_549' title='bbox 678 2825 748 2874; x_wconf 91' lang='grc'>13,</span> <span class='ocrx_word' id='word_1_550' title='bbox 775 2824 874 2873; x_wconf 90' lang='grc'>175,</span> <span class='ocrx_word' id='word_1_551' title='bbox 894 2825 938 2873; x_wconf 89' lang='grc'>4,</span> <span class='ocrx_word' id='word_1_552' title='bbox 963 2823 1056 2861; x_wconf 90' lang='lat' dir='ltr'>Luc.</span> <span class='ocrx_word' id='word_1_553' title='bbox 1081 2823 1129 2861; x_wconf 90' lang='lat' dir='ltr'>de</span> <span class='ocrx_word' id='word_1_554' title='bbox 1153 2822 1224 2861; x_wconf 87' lang='lat' dir='ltr'><strong>cal.</strong></span> <span class='ocrx_word' id='word_1_555' title='bbox 1249 2821 1280 2861; x_wconf 93' lang='grc' dir='ltr'>Ι.</span> <span class='ocrx_word' id='word_1_556' title='bbox 1305 2820 1342 2860; x_wconf 85' lang='lat' dir='ltr'>S.</span> <span class='ocrx_word' id='word_1_557' title='bbox 1370 2822 1411 2869; x_wconf 87' lang='lat'>1,</span> <span class='ocrx_word' id='word_1_558' title='bbox 1432 2823 1474 2871; x_wconf 91' lang='grc'>2,</span> <span class='ocrx_word' id='word_1_559' title='bbox 1500 2822 1544 2870; x_wconf 89' lang='grc'>4,</span> <span class='ocrx_word' id='word_1_560' title='bbox 1565 2822 1608 2871; x_wconf 91' lang='grc'>6,</span> <span class='ocrx_word' id='word_1_561' title='bbox 1635 2823 1678 2865; x_wconf 90' lang='lat'>6,</span> <span class='ocrx_word' id='word_1_562' title='bbox 1699 2822 1744 2871; x_wconf 90' lang='grc'>8,</span> 
     </span>
     <span class='ocr_line' id='line_1_48' title="bbox 228 2879 1744 2934; baseline -0.003 -12"><span class='ocrx_word' id='word_1_563' title='bbox 228 2884 358 2934; x_wconf 82' lang='lat'>9,11;</span> <span class='ocrx_word' id='word_1_564' title='bbox 387 2884 452 2933; x_wconf 92' lang='grc'>14,</span> <span class='ocrx_word' id='word_1_565' title='bbox 472 2884 560 2933; x_wconf 87' lang='grc'>43.,</span> <span class='ocrx_word' id='word_1_566' title='bbox 589 2884 746 2933; x_wconf 90' lang='grc'>16,16,</span> <span class='ocrx_word' id='word_1_567' title='bbox 771 2881 956 2921; x_wconf 83' lang='lat' dir='ltr'><strong>Themist.</strong></span> <span class='ocrx_word' id='word_1_568' title='bbox 982 2881 1029 2920; x_wconf 89' lang='lat' dir='ltr'>de</span> <span class='ocrx_word' id='word_1_569' title='bbox 1054 2881 1163 2920; x_wconf 89' lang='lat' dir='ltr'><strong>amic.</strong></span> <span class='ocrx_word' id='word_1_570' title='bbox 1188 2879 1219 2918; x_wconf 90' lang='grc' dir='ltr'>Ι.</span> <span class='ocrx_word' id='word_1_571' title='bbox 1244 2879 1283 2923; x_wconf 76' lang='grc' dir='ltr'>Β.</span> <span class='ocrx_word' id='word_1_572' title='bbox 1306 2881 1373 2928; x_wconf 88' lang='grc'>49,</span> <span class='ocrx_word' id='word_1_573' title='bbox 1395 2882 1430 2927; x_wconf 93' lang='grc'>7,</span> <span class='ocrx_word' id='word_1_574' title='bbox 1452 2881 1524 2931; x_wconf 90' lang='grc'>23,</span> <span class='ocrx_word' id='word_1_575' title='bbox 1549 2880 1621 2930; x_wconf 88' lang='grc'>51,</span> <span class='ocrx_word' id='word_1_576' title='bbox 1641 2881 1744 2930; x_wconf 85' lang='lat' dir='ltr'>8ss.,</span> 
     </span>
    </p>
   </div>
  </div>
 </body>
</html>
