1820 3126
207 120 293 162 460
824 122 865 159 Α.
885 121 1119 159 Baumetark:

323 232 448 270 XXXI
471 234 566 281 430,
590 234 641 271 14
674 233 752 272 lbb.
778 231 862 273 Grr.
889 233 1044 272 ADPG
1082 230 1147 272 καὶ
1179 229 1350 272 πάντων
1374 228 1534 286 (reliqui
1560 234 1649 272 libri
1674 234 1731 273 in-

205 294 342 329 serunt
378 285 476 343 οὐχ)
513 289 653 339 ἥκιετα
689 287 831 331 ἄδικον
885 292 911 330 S
943 290 1009 331 καὶ
1046 288 1217 331 πάντων
1252 289 1392 341 ἥκιετα
1423 289 1598 331 ἐνδίκων
1629 288 1731 345 (cor-

206 351 366 398 ruptum
392 362 437 388 ex
464 344 736 403 ἔνδικον).697)

321 419 494 458 Transeo
533 419 582 457 ad
618 420 1017 470 interpolationes
1054 420 1262 459 codicum
1294 419 1591 470 Graecorum,
1632 433 1730 470 quae

207 477 400 525 plurimae
432 478 657 516 testimonio
683 478 811 528 Sergii
841 479 1088 528 deteguntur.
1139 478 1271 529 Longe
1303 479 1491 517 maximus
1523 481 1584 517 est
1614 479 1731 528 locus,

202 538 248 574 ut
280 536 347 584 qui
379 536 588 584 plurimum
616 536 748 575 valeat
778 537 826 575 ad
859 537 1219 584 demonstrandum,
1252 549 1366 586 quam
1391 537 1531 586 exigua
1556 537 1732 575 codicum

203 593 504 641 Lucianeorum,
539 595 606 644 qui
639 596 810 634 aetatem
846 596 1040 645 tulerunt,
1073 595 1168 633 fides
1201 595 1263 633 sit.
1315 594 1433 645 Nam,
1468 595 1518 644 si,
1551 595 1654 644 quod
1685 595 1730 634 de

201 652 347 702 libello,
367 665 482 702 quem
503 653 729 701 tractamus,
749 667 769 692 e
789 653 963 692 versione
980 654 1138 703 Syriaca
1156 655 1366 702 comparet,
1386 653 1424 691 id
1444 653 1494 691 ad
1508 654 1729 692 universam

202 710 365 748 Luciani
402 710 630 750 memoriam
667 712 759 751 licet
796 712 1016 762 traducere,
1053 712 1173 751 verba
1209 711 1409 761 scriptoris
1446 711 1548 749 inter
1585 724 1730 762 omnes,

202 781 298 817 quos
331 768 542 807 Caesarum
580 772 757 819 tempora
793 771 984 818 tulerunt,
1022 770 1133 808 unice
1170 770 1434 809 venustissimi
1467 770 1727 808 recentiorum

200 827 382 866 manibus
408 828 625 867 miserrime
650 829 873 867 adulterata
898 841 981 867 esse
1006 829 1198 867 videntur.

319 897 494 936 Primum
522 899 596 936 huc
626 899 823 947 pertinent
853 898 912 936 illi
943 898 1035 948 loci,
1067 898 1207 948 quibus
1238 899 1454 947 scripturae
1485 897 1659 936 codicum
1685 911 1731 936 ex

199 956 273 1004 eis,
305 968 402 1005 quas
429 955 589 1006 Sergius
622 957 830 1006 expressit,
861 957 917 995 ita
948 957 1131 996 videntur
1162 959 1370 1006 corruptae
1401 968 1501 1003 esse,
1536 959 1580 994 ut
1610 957 1732 995 anti-

199 1026 314 1063 quas
352 1015 653 1065 corruptelas
688 1016 1010 1065 interpolator
1043 1015 1318 1054 coniectura
1351 1015 1628 1053 submovere
1662 1027 1736 1054 co-

197 1074 403 1111 nai-etur.

318 1136 377 1174 ΙΠ
396 1138 494 1187 422,
515 1139 567 1177 25
602 1138 681 1176 lbb.
710 1138 798 1177 Grr.
835 1136 970 1177 οὕτω(
1018 1137 1043 1175 S
1074 1134 1131 1175 ὡς
1168 1134 1339 1186 μάλιετα
1365 1133 1431 1187 (de
1456 1136 1651 1176 locutione
1676 1134 1734 1176 ὡς

198 1191 371 1242 μάλιετα
395 1216 452 1222 -—
470 1216 527 1222 -—
546 1217 603 1223 —
628 1193 732 1235 ὥετε
758 1197 857 1235 conf.
883 1197 974 1235 Luc.
1001 1196 1094 1245 gall.
1115 1197 1169 1234 26
1196 1193 1264 1234 ἐπὶ
1289 1193 1398 1234 πολὺ
1418 1215 1472 1221 -
1493 1216 1547 1221 —
1570 1216 1619 1221 -
1646 1190 1734 1245 ὡς).

198 1253 366 1292 Videtur
383 1254 509 1303 primo
523 1254 711 1294 excidisse
725 1252 907 1303 μάλιετα,
928 1256 1064 1304 postea
1076 1250 1134 1292 ὡς
1144 1256 1360 1293 correctum
1372 1265 1455 1292 esse
1467 1254 1507 1291 in
1517 1248 1734 1303 ofirwcfiffl)

315 1317 393 1355 VH
411 1319 513 1364 423,
536 1319 587 1357 31
611 1331 640 1357 s.
672 1319 750 1357 lbb.
777 1319 862 1357 Grr.
894 1314 973 1367 ἀφ’
999 1314 1060 1357 ὧν
1090 1317 1188 1357 τοὺς
1219 1313 1373 1356 ἄλλους
1407 1313 1648 1357 ἀδικοῦντες
1673 1314 1733 1357 αἰ-

196 1375 365 1414 τιῶνται
404 1375 429 1413 S
453 1372 533 1425 ἀφ’
554 1373 615 1415 ὧν
639 1375 738 1416 τοὺς
765 1373 920 1416 ἄλλους
945 1373 1002 1415 ὡς
1030 1373 1276 1415 ἀδικοῦντας
1300 1373 1520 1426 αἰτιῶνται.
1569 1376 1734 1415 Videtur

197 1435 322 1483 primo
360 1435 546 1473 excidisse
586 1432 661 1484 ὡς,
699 1438 836 1485 postea
872 1436 1117 1475 accusativus
1151 1434 1348 1485 participii
1380 1434 1421 1472 in
1450 1434 1731 1474 nominativum

196 1494 374 1531 mutatus
401 1488 571 1544 esse.⁶⁹⁹)

311 1551 389 1590 VII
408 1553 504 1602 423,
526 1553 580 1591 34
618 1552 696 1591 lbb.
736 1552 822 1591 Grr.
867 1550 994 1591 δόξαν
1037 1549 1202 1591 εὐνοία(
1239 1548 1552 1600 προελαβόνταε
1608 1550 1634 1589 S
1671 1547 1730 1590 δι’

196 1607 433 1658 εὐαρεετίαε
467 1607 782 1660 προελαβόνταε
814 1608 884 1661 (sc.
909 1609 1007 1650 τοὺ(
1039 1607 1190 1659 φίλους
1220 1611 1319 1648 conf.
1343 1623 1379 1659 p.
1400 1605 1517 1661 458).
1565 1609 1731 1648 Videtur

194 1669 321 1719 primo
355 1669 455 1707 illud
486 1665 543 1708 δι’
569 1666 806 1718 εὐαρεετίαε
836 1670 978 1708 misere
1007 1672 1233 1719 corruptum
1259 1681 1361 1718 esse,
1393 1671 1544 1717 postea,
1576 1680 1663 1706 cum
1689 1668 1730 1706 in

195 1728 459 1778 superioribus
484 1724 735 1768 ἀνακτᾶεθαι
761 1728 978 1778 excidisset,
1003 1740 1027 1766 a
1051 1727 1223 1774 librario,
1254 1728 1319 1777 qui
1344 1724 1442 1765 τοὺς
1468 1723 1618 1774 φίλους
1644 1738 1730 1765 cum

195 1783 242 1825 εὖ
274 1786 463 1825 ποιοῦειν
487 1787 668 1837 iungeret
693 1786 1010 1837 desideraretque
1035 1786 1229 1825 obiectum
1253 1784 1449 1834 participii
1474 1780 1731 1834 προελαβόν-

193 1855 285 1896 ταε,
309 1846 537 1883 restitutum
563 1857 647 1884 esse
673 1842 800 1885 δόξαν
827 1842 992 1884 εὐνοία(
1018 1858 1038 1883 e
1063 1844 1188 1894 capite
1213 1842 1343 1882 XXIV
1369 1846 1552 1881 extremo.
1562 1837 1632 1895 ⁷⁰⁰)

309 1909 385 1947 XII
405 1910 501 1960 425,
522 1911 575 1948 32
613 1910 692 1947 lbb.
726 1909 812 1948 Grr.
849 1906 924 1948 τὸν
962 1907 1166 1958 τρέχοντα
1214 1908 1240 1946 S
1277 1905 1352 1946 τὸν
1388 1903 1729 1955 παραδραμόντα.

194 1967 374 2018 Videtur,
399 1980 486 2007 cum
512 1964 843 2016 παραδραμόντα
863 1967 1082 2015 excidisset,
1107 1967 1331 2006 coniectura
1348 1965 1624 2014 interpositum
1645 1977 1728 2004 esse

193 2025 415 2075 τρέχοντα,
448 2027 549 2077 quod
580 2027 644 2066 vel
676 2028 883 2076 propterea
908 2038 1026 2076 quam
1051 2026 1218 2064 maxime
1243 2026 1466 2074 suspectum
1493 2036 1578 2062 esse
1603 2023 1731 2068 debet,

195 2086 287 2135 quia
310 2098 449 2134 parum
474 2087 656 2124 accurate
681 2098 886 2134 personam
911 2084 1014 2135 eius,
1039 2084 1106 2134 qui
1131 2084 1349 2132 detinetur,
1374 2082 1578 2132 significat.
1627 2082 1729 2120 Nam

194 2157 317 2194 aeque
342 2144 387 2192 is,
414 2144 479 2193 qui
505 2144 666 2195 detinet,
691 2146 809 2192 atque
834 2143 879 2192 is,
904 2142 971 2192 qui
996 2143 1203 2190 detinetur,
1230 2143 1290 2180 est
1313 2134 1557 2194 τρέχων.’“”)

310 2208 402 2246 XIX
421 2209 516 2254 427,
540 2209 593 2246 26
620 2207 698 2247 lbb.
721 2207 805 2246 Grr.
833 2203 1082 2256 εὐεπίβατον
1119 2206 1145 2244 S
1171 2202 1410 2255 εὔβλαπτον
1429 2199 1548 2257 (conf.
1567 2204 1730 2243 Aristot.

194 2267 242 2305 de
272 2279 359 2315 gen.
392 2267 508 2304 anim.
532 2266 552 2303 I
573 2261 664 2319 12),
700 2266 802 2316 quod
838 2268 930 2304 cumv
958 2266 1060 2304 forte
1095 2266 1321 2314 corruptum
1356 2266 1475 2312 esset,
1509 2263 1730 2302 coniectura

194 2325 351 2364 videtur
388 2324 486 2362 illud
524 2321 774 2373 εὐεπίβατον
811 2324 1012 2363 inventum
1048 2336 1150 2372 esse,
1186 2322 1289 2373 quod
1322 2334 1392 2372 per
1422 2333 1463 2361 se
1493 2322 1542 2360 ad
1573 2334 1727 2360 murum

195 2384 341 2433 optime
366 2377 668 2434 quadrabat.⁷⁰²)

311 2454 433 2492 Porro
465 2453 586 2491 semel
618 2452 774 2501 accidit,
809 2454 852 2490 ut
881 2451 1081 2500 librarius,
1113 2451 1180 2505 quj
1211 2452 1448 2490 structuram
1481 2462 1618 2499 parum
1643 2462 1728 2499 per-

195 2513 404 2562 spexisset,
435 2512 614 2550 lacunam
647 2510 867 2560 suspicatus
893 2510 1072 2549 voculam
1096 2510 1361 2559 interponeret
1386 2521 1410 2547 a
1436 2508 1630 2547 sententia
1653 2508 1729 2546 Lu-

194 2572 296 2610 ciani
319 2582 479 2620 prorsus
506 2569 684 2608 alienam.
733 2568 928 2607 Videlicet

310 2629 418 2667 XXX
437 2630 534 2679 429,
555 2629 608 2667 36
647 2625 730 2675 καὶ,
767 2628 870 2677 quod
907 2629 998 2665 ante
1034 2622 1321 2675 ἀποφράττειν
1357 2626 1398 2664 in
1430 2625 1507 2664 lbb.
1540 2624 1626 2664 Grr.
1658 2627 1728 2675 est,

197 2702 270 2728 om.
304 2688 341 2727 S.
401 2686 576 2736 Egregia
612 2686 762 2725 scilicet
797 2688 858 2723 est
894 2685 1087 2734 scriptura
1123 2685 1298 2724 versione
1336 2683 1498 2734 Syriaca
1533 2695 1726 2733 expressa.

196 2747 333 2796 Neque
359 2746 460 2784 enim
485 2745 670 2784 infinitivi
694 2743 783 2782 inde
808 2744 858 2781 ab
883 2739 1171 2792 ἀποφράττειν
1195 2746 1358 2793 possunt
1383 2755 1407 2780 a
1430 2741 1636 2792 participio
1661 2751 1726 2780 κε-

196 2803 345 2845 λεύεα(
376 2804 554 2853 suspensi
585 2815 685 2852 esse,
718 2805 762 2841 ut
791 2802 859 2851 qui
883 2802 1093 2841 manifesto
1117 2814 1201 2840 non·
1218 2802 1267 2840 ad
1293 2801 1467 2839 fabulam
1492 2799 1723 2839 Homeream

197 2865 391 2914 spectent,
427 2862 494 2900 sed
525 2862 611 2911 ipsa
643 2860 842 2911 scriptoris
873 2863 1010 2899 contra
1039 2860 1272 2900 calumniam
1303 2861 1511 2909 praecepta
1542 2858 1722 2897 efficiant.

1815 1938 1820 2061 ἑ

1814 2250 1820 2368 }

1808 2390 1820 2477 i

1811 2494 1820 2582 ι

1814 2587 1820 2728 ἓ
