1820 3126
239 156 325 198 496
851 157 894 194 A.
921 159 1154 195 Baumstark:

245 261 689 307 Gfinther—Windelband,
703 262 921 299 Geschichte
934 265 999 300 der
1011 265 1163 300 antiken
1175 264 1549 302 Naturwissenschast
1561 266 1635 301 und
1648 265 1771 302 Philo·

241 307 379 354 sophie.
424 307 578 344 Nordlin
607 319 653 343 en
680 313 779 354 1888,
804 322 838 356 p.
861 314 925 346 111
952 311 1075 348 adnot.
1096 315 1128 346 3.

364 359 439 392 123.
466 354 576 390 Briau
611 383 619 400 ,
651 355 887 392 L'archiatrie
918 358 1094 394 Romaiue
1126 369 1172 394 ou
1202 359 1240 394 la
1269 358 1449 395 medicine
1481 358 1652 395 officione
1683 360 1774 395 dans

243 401 409 447 l'empire
430 402 594 438 Romaiu.
623 402 727 438 Paris
747 406 854 447 1877ς
880 403 1064 446 Salomon,
1084 405 1150 440 Die
1171 406 1364 442 Romische
1381 405 1587 442 Archiatrie
1605 407 1644 441 in
1662 406 1772 442 Deut-

245 448 513 530 gzhlesHArchiv
543 449 602 484 fiir
625 449 843 487 Geschiehte
868 451 933 487 der
956 451 1116 487 Medicin
1146 452 1221 487 und
1245 452 1505 489 medicinische
1531 453 1773 498 Geographie.

279 507 300 531 o
319 523 326 530 .
404 507 438 541 p.
460 499 527 531 216
542 507 569 531 s.
590 508 617 532 s.

359 550 435 583 124.
456 547 672 591 Wilmanns,
692 548 870 595 Exempla
887 550 1165 595 inscriptionum
1185 551 1397 587 Latinarum
1418 555 1526 588 2494:
1547 551 1600 586 M·
1622 550 1769 587 LIVIO·

240 593 388 628 CELSO
405 613 412 620 ·
428 593 723 631 TABVLARIO·
746 597 751 642 Ι
774 596 988 632 SGHOLAE
1004 617 1010 623 -
1028 597 1313 634 MEDICORVM
1333 599 1340 644 Ι
1362 599 1414 633 M·
1428 598 1587 633 LIVIVS
1603 618 1609 625 ·
1628 598 1771 634 EVTY-

240 640 363 676 CHVS
385 643 390 683 Ι
411 640 717 677 ARCHIATROS
734 661 742 670 ·
757 642 847 679 OLL
860 662 868 670 ·
883 644 913 678 D
929 664 935 670 ·
951 644 984 678 11
1005 644 1011 690 1
1032 643 1097 678 HV
1113 664 1119 670 ·
1135 645 1214 680 PR·
1228 643 1322 679 PED
1339 644 1429 680 -1111

363 697 440 729 125.
466 693 576 739 Digg.
603 694 625 730 l.
652 694 787 730 XXVII
810 698 836 731 t.
862 696 878 730 I
905 696 949 731 de
975 696 1269 732 excusationibus
1293 708 1322 733 c.
1344 701 1375 732 6.

361 744 437 776 126.
464 739 550 777 Cod.
571 741 708 777 OE'heod.
728 742 751 776 l.
772 742 855 777 XIII
879 744 906 778 t.
925 742 1009 777 Xlll
1037 743 1081 778 de
1105 743 1256 778 medicis
1282 745 1321 778 et
1344 743 1610 789 professoribus
1635 755 1665 781 0.
1681 749 1713 781 4.
1730 765 1771 771 -

241 786 342 868 911ῗο
367 787 491 868 mog-od
502 787 613 833 attigi
636 788 730 834 legis
755 799 851 824 anno
876 792 943 824 326
970 788 1091 825 editas
1115 789 1235 835 prima
1264 791 1377 826 verba
1400 790 1599 835 „archiatri
1624 793 1773 827 omnes“

242 845 368 869 exsan
412 845 425 868 1
451 845 466 868 1
497 862 504 869 .
530 845 559 870 c.
582 840 613 869 1.

359 883 438 915 127.
463 881 563 917 Conf.
589 883 743 927 exempl.
769 894 822 928 gr.
848 882 1021 920 Barhebr.
1049 882 1207 919 chronic.
1235 884 1362 919 eccles.
1397 883 1430 918 11
1461 895 1498 929 p.
1523 888 1609 928 200,
1637 887 1679 919 15
1715 885 1772 921 ed.

241 926 427 962 Abbeloos
455 929 493 963 et
516 927 642 973 Lamy.

359 977 435 1010 128.
463 974 565 1010 conf.
591 975 765 1020 Bathebr,
791 976 814 1011 1.
835 976 858 1011 1.
885 989 922 1022 p.
943 981 1024 1020 330,
1047 981 1101 1014 14.
1407 997 1412 1002 ·

358 1025 435 1056 129.
461 1020 563 1058 Conf.
590 1023 658 1057 Ios.
684 1022 776 1068 Styl.
796 1023 954 1060 chronic.
981 1025 1085 1060 Edes.
1111 1035 1145 1069 p.
1169 1028 1200 1068 1,
1219 1028 1240 1059 2
1267 1024 1322 1060 ed.
1352 1024 1510 1070 Wright.

357 1067 435 1104 130.
461 1068 589 1105 Iosuae
613 1069 840 1114 prooemium
866 1071 983 1106 totum
1019 1073 1186 1107 versatur
1216 1071 1312 1107 circa
1341 1081 1398 1106 res
1430 1071 1618 1117 religionis
1642 1071 1773 1108 biblio-

244 1125 397 1158 rumque
423 1116 602 1160 quaedam
629 1120 811 1162 excerpta.

279 1177 283 1181 “
359 1166 437 1197 131.
464 1174 493 1197 0.
514 1166 558 1197 30
583 1166 631 1208 (p.
652 1167 697 1198 24
723 1164 778 1198 ed.
805 1163 978 1210 Wright).

359 1213 436 1244 132.
463 1220 492 1244 0.
513 1212 558 1244 54
587 1212 636 1255 (p.
657 1214 699 1245 31
726 1210 781 1246 ed.
808 1210 984 1256 Wright).

360 1259 437 1291 133.
463 1255 486 1291 1.
507 1256 532 1292 1.
556 1269 591 1302 p.
611 1260 644 1291 6.

360 1305 437 1337 134.
463 1302 487 1338 l.
507 1303 531 1338 l.
557 1315 591 1348 p.
612 1308 656 1339 36
669 1316 696 1339 s.

359 1352 438 1384 135.
464 1348 488 1385 l.
508 1350 532 1385 1.
557 1362 592 1395 p.
613 1354 680 1386 268
695 1362 721 1387 s.

359 1400 436 1432 136.
462 1396 486 1430 l.
507 1397 531 1431 l.
557 1408 592 1441 p.
613 1401 679 1432 271
695 1409 722 1434 s,
743 1408 771 1433 s.

358 1446 436 1478 137.
463 1443 531 1478 1.1.
558 1456 593 1489 p.
616 1447 693 1480 158.
812 1467 814 1470 -

237 1536 322 1571 XIV
355 1493 439 1571 138}
459 1488 561 1525 conf.
587 1490 691 1527 Varr.
723 1493 768 1526 de
799 1502 838 1526 re
869 1492 958 1527 rust.
989 1491 1006 1526 I
1037 1495 1053 1526 1
1086 1494 1106 1534 ξ
1137 1494 1196 1535 10;
1231 1490 1370 1527 Colum.
1396 1492 1411 1526 I
1444 1494 1462 1525 1
1495 1495 1514 1534 5
1548 1494 1608 1535 1ος
1638 1491 1771 1528 Athen.

355 1587 432 1620 139.
460 1582 562 1619 Conf.
587 1583 748 1620 Fabricii
772 1584 861 1621 bibl.
888 1584 1014 1621 Graec.
1041 1584 1129 1620 XIII
1153 1597 1187 1631 p.
1211 1588 1288 1621 127.

357 1634 434 1666 140.
460 1630 529 1666 1.1.
554 1643 590 1676 p.
610 1635 690 1667 269.

357 1681 434 1714 141.
460 1677 528 1713 1.1.
553 1691 589 1723 p.
609 1682 804 1715 264-269.

355 1728 433 1760 142.
460 1725 483 1758 1.
503 1725 526 1759 l.
552 1737 586 1770 p.
609 1729 640 1762 6.

356 1774 433 1806 143.
459 1771 525 1806 1.1.
551 1783 586 1816 p.
606 1775 662 1808 37.

355 1822 432 1852 144.
458 1818 526 1853 1.1.
551 1831 587 1864 p.
605 1823 686 1855 269.

356 1868 433 1899 145.
459 1863 483 1901 l.
503 1865 527 1899 1.
552 1877 587 1910 p.
608 1869 676 1901 270
690 1877 716 1901 s.
731 1878 757 1901 s.
778 1886 822 1892 —
842 1866 1004 1903 Eandem
1023 1867 1061 1902 in
1078 1866 1287 1902 universum
1306 1866 1485 1902 rationem
1503 1866 1688 1911 ingressus
1709 1870 1766 1903 est

238 1911 664 1948 Steinschneiderus
695 1911 735 1948 in
765 1913 859 1948 libro
885 1913 963 1949 Die
988 1913 1270 1949 Arabischen
1294 1905 1661 1958 Ubersetzungen
1692 1925 1771 1948 aus

238 1959 335 1993 dem
355 1958 680 1994 Griechischen
699 1959 880 2004 (Beihefte
899 1972 980 1995 zum
1000 1960 1246 1996 Centralblatt
1263 1959 1322 1995 fiir
1340 1959 1674 1995 Bibliothekwesen
1686 1959 1768 2005 XII)

237 2016 272 2051 p.
295 2009 339 2040 14
353 2018 380 2042 s.
405 2004 515 2050 („Der
539 2005 654 2042 Name
680 2027 725 2032 —
745 2027 789 2033 --
811 2027 854 2033 -—
881 2007 942 2042 des
962 2000 1194 2043 Ubersetzers
1215 2027 1257 2033 —
1278 2027 1322 2033 —
1340 2005 1555 2041 bezeichnet
1578 2006 1649 2041 den
1677 2005 1772 2051 syri-

239 2052 351 2088 schen
372 2052 519 2098 Sergius
538 2053 573 2088 b.
593 2052 724 2098 Elia“),
750 2053 813 2098 qui
836 2054 874 2088 111
899 2065 1028 2089 manus
1052 2064 1153 2089 meas
1178 2053 1358 2100 pervenit,
1382 2063 1464 2088 cum
1489 2052 1602 2088 istam
1624 2059 1769 2098 partem

239 2099 509 2134 dissertationis
543 2110 645 2135 meae
676 2099 752 2134 iam
782 2100 1022 2137 absolveram.
1071 2101 1124 2136 Εο
1155 2101 1266 2136 etiam
1290 2110 1432 2135 1110011111
1464 2101 1648 2136 consentit
1672 2098 1771 2145 Hag'i

239 2145 392 2181 Chalfae
417 2146 623 2182 doctrinam
647 2158 819 2193 magnam
837 2149 980 2193 partem
998 2146 1203 2183 manavisse
1229 2159 1273 2184 ex
1291 2146 1590 2191 inscriptionibus
1616 2158 1639 2182 a
1657 2145 1766 2182 libra-

236 2192 300 2227 riis
326 2192 481 2238 singulis
507 2193 611 2228 libris
637 2193 756 2239 operis
780 2194 940 2238 Arabici,
965 2195 1064 2239 quod
1089 2194 1156 2229 sub
1181 2194 1325 2229 nomine
1351 2193 1487 2239 Kostt‘is
1512 2193 1639 2237 fertur,
1666 2204 1769 2238 prae-

237 2239 380 2284 positis.
430 2240 501 2275 Sed
533 2243 677 2276 secutus
709 2242 868 2276 editores
899 2241 1059 2287 catalogi
1089 2241 1255 2277 codicum
1287 2240 1339 2275 Lu
1368 2240 1582 2276 dunensium
1606 2240 1704 2286 Jong
1733 2242 1771 2275 et

237 2286 282 2322 de
309 2287 421 2332 Goeje
447 2287 578 2331 (Catal.
611 2288 689 2323 cod.
722 2288 848 2323 orient.
882 2287 971 2324 bibl.
996 2298 1049 2324 ac.
1075 2288 1190 2333 Lugd.
1217 2289 1296 2323 Bat.
1323 2286 1372 2322 II
1396 2300 1434 2334 p.
1452 2289 1535 2332 213)
1561 2286 1768 2332 suspicatur

236 2333 440 2368 versionem
465 2334 661 2369 Arabicam
695 2346 793 2380 eam,
827 2345 920 2379 quae
953 2335 1114 2370 aetatem
1144 2334 1232 2370 tulit
1255 2334 1386 2381 Jabjae
1416 2333 1492 2369 filio
1517 2333 1601 2368 Adii
1633 2333 1767 2368 deberi.

238 2379 338 2422 Quae
364 2379 486 2425 opinio
511 2381 554 2415 ut
575 2380 687 2416 nullis
712 2382 877 2416 firmatur
900 2380 1059 2427 indiciis,
1083 2381 1139 2417 ita
1162 2382 1321 2417 absurda
1344 2383 1442 2417 certe
1463 2391 1536 2416 non
1555 2381 1621 2415 est.
1665 2379 1769 2422 Quod

236 2437 324 2462 vero
357 2426 574 2472 simpliciter
603 2438 648 2462 ne
680 2428 863 2463 exstitisse
894 2428 1043 2473 quidem
1073 2428 1186 2463 ullam
1210 2439 1372 2473 unquam
1396 2427 1533 2471 Kostae
1556 2426 1624 2462 filii
1647 2426 1767 2462 Lucae

237 2475 441 2509 versionem
473 2473 664 2510 contendit
694 2474 918 2519 argumentis
950 2475 1058 2520 plane
1087 2474 1196 2511 nullis
1219 2475 1374 2520 prolatis
1396 2474 1490 2509 illud
1513 2473 1687 2509 audaciae
1711 2476 1768 2508 est

237 2521 296 2556 vix
322 2521 429 2556 venia
447 2520 591 2567 dignae.
637 2520 803 2565 Omnino,
829 2532 911 2556 cum
936 2531 1025 2567 pace
1043 2521 1113 2557 viri
1132 2522 1176 2557 de
1196 2522 1405 2567 cognitione
1424 2520 1629 2556 versionum
1650 2519 1767 2555 orien-

235 2567 365 2602 talium
399 2569 536 2612 optime
569 2568 692 2603 meriti
725 2567 896 2613 dixerim,
929 2568 1048 2604 locum
1082 2568 1398 2604 intricatissimum
1427 2566 1536 2602 nimis
1568 2566 1700 2602 leviter
1729 2567 1768 2602 et

236 2615 371 2660 raptim
398 2614 587 2650 absolvere
612 2615 763 2650 conatus
789 2616 854 2650 est.

353 2676 430 2709 146.
454 2674 555 2708 Duae
575 2674 660 2708 sunt
678 2673 796 2718 operis
815 2672 1034 2718 gravissimi,
1054 2673 1151 2718 quod
1170 2673 1235 2708 illo
1255 2671 1382 2708 codice
1401 2671 1620 2716 continetur,
1639 2681 1762 2707 recen-

238 2719 369 2755 siones.
412 2719 612 2755 Alteram
637 2719 786 2755 exhibet
810 2719 926 2755 liber
949 2730 1078 2755 manu
1103 2719 1301 2765 scriptus
1322 2718 1636 2764 Lugdunensis
1661 2729 1684 2753 a
1707 2729 1766 2753 me

237 2767 479 2810 examinatus,
504 2766 694 2802 alteram
713 2766 854 2802 editio
874 2766 1065 2802 Cabirae
1090 2777 1201 2802 anno
1221 2766 1352 2812 fugae
1373 2769 1461 2801 1298
1481 2765 1604 2811 typis
1622 2765 1763 2806 facta,

236 2814 338 2848 cuius
363 2814 470 2849 doleo
493 2814 699 2859 exemplum
723 2813 843 2849 adhuc
860 2813 1001 2848 nullum
1021 2825 1079 2849 me
1099 2814 1274 2859 adeptum
1292 2822 1384 2848 esse.
1427 2812 1583 2848 Videtur
1601 2810 1764 2848 deterior

236 2871 314 2896 esse
338 2860 515 2896 memoria
539 2860 709 2896 editionis
728 2859 943 2904 Cabirensis,
969 2861 1145 2912 quantum
1169 2859 1317 2905 quidem
1341 2871 1384 2895 ex
1404 2859 1499 2895 libro
1521 2857 1767 2895 Steinschnei·

237 2907 315 2943 deri
339 2908 448 2943 modo
474 2907 624 2943 laudato
650 2917 867 2952 cognoscere
891 2910 997 2953 potui
1022 2907 1060 2952 (l.
1080 2908 1103 2943 l.
1131 2918 1167 2952 p.
1189 2909 1257 2953 14).
