1820 3126
524 147 817 185 Lucubrationes
845 145 1131 194 Syro-Graecae.
1520 144 1607 186 419

49 277 185 303 rarum
205 262 457 315 Syriacarum
482 275 628 313 genere
653 273 816 312 prorsus
835 261 982 311 aliena,
1008 261 1113 310 apud
1132 259 1375 310 posteriores
1396 259 1607 308 scriptores

50 323 172 375 Syros
197 324 382 362 constans
407 322 490 361 fere
516 323 558 361 et
582 320 796 371 sollemnis,
822 321 882 359 ita
902 319 1082 369 efficitur,
1113 322 1156 359 ut
1175 321 1280 359 inter
1299 332 1444 358 nomen
1466 331 1608 370 regens

50 385 92 423 et
113 382 350 434 particulam
374 385 392 429 2
417 394 635 432 pronomen
660 380 847 420 suffixum
870 380 1139 430 possessivum
1173 380 1465 430 interponatur,
1501 377 1609 428 qnod

49 444 99 483 ad
123 454 266 482 nomen
290 444 444 481 rectum
469 442 591 492 redit;
624 440 782 480 obviarn
809 442 903 479 sunt
928 441 983 479 48
1011 440 1050 478 in
1076 439 1202 479 Arist.
1229 439 1278 479 de
1303 439 1438 477 mund.
1488 439 1538 476 21
1567 438 1610 475 in

47 502 168 542 Isocr.
193 502 243 541 ad
268 502 380 540 Dem.
428 503 480 541 16
513 501 553 539 in
585 500 678 539 Luc.
712 500 761 538 de
794 501 865 539 cal.
912 501 964 539 13
998 499 1039 537 in
1071 499 1261 539 Themist.
1294 499 1343 538 de
1379 498 1469 538 virt.
1516 499 1541 536 3
1568 498 1610 535 in

47 561 238 600 Themist.
263 562 312 600 de
338 562 450 600 amic.
497 562 522 600 3
549 561 591 599 in
616 560 723 599 Plut.
748 560 790 598 in
816 572 940 599 exerc.
999 561 1023 599 6
1051 559 1091 597 in
1118 559 1223 598 Plut.
1250 559 1298 598 de
1325 557 1452 597 cohib.
1478 558 1524 597 ir.
1554 578 1608 583 —

0 655 2 659 ,
49 620 224 661 Genitivi
243 622 519 671 pronominum
539 619 810 671 personalium
830 619 996 670 exprimi
1022 620 1153 658 solent
1176 632 1249 668 per
1266 618 1503 668 pronomina
1528 617 1609 656 suf-

1 683 3 686 “
46 680 124 719 fixa
146 681 382 731 possessiva.
409 703 465 708 -—
491 679 712 719 Rarissima
743 671 839 719 vero
872 682 957 718 tam
982 679 1023 717 in
1048 679 1273 718 nominibus
1309 690 1427 728 quam
1458 678 1499 716 in
1524 690 1612 727 pro-

47 752 270 792 nominibus
299 752 576 803 personalibus
609 754 672 791 est
703 764 750 790 ea
779 751 956 803 genetivi
987 750 1266 800 conformatio,
1298 762 1399 800 quae
1430 762 1502 800 per
1512 742 1612 800 Ὢ)

0 836 2 838 ’
49 823 104 863 fit.
166 823 306 875 Neque
347 825 450 863 enim
481 824 639 863 omnino
673 823 887 862 adhibetur
918 823 997 862 nisi
1028 823 1104 873 ita,
1141 824 1188 860 ut
1219 823 1371 861 certum
1403 821 1611 860 consilium

52 883 220 934 scriptor
245 886 447 935 sequatur,
473 884 555 923 sive
581 880 842 934 premendum
860 883 1083 935 genitivum
1102 894 1191 921 esse
1213 883 1342 932 putat,
1369 882 1452 921 sive
1477 881 1610 931 legen-

0 953 4 994 ζ
47 943 147 982 tium
185 956 337 983 errores
372 956 611 994 praecavere
650 943 802 995 studet,
847 943 930 982 sive
970 942 1011 981 id
1048 943 1152 993 agit,
1195 944 1239 980 ut
1277 941 1376 980 duos
1413 941 1611 991 genitivos

0 1011 5 1050 ἵ,
45 1002 151 1042 inter
176 1015 218 1042 se
249 1006 433 1054 opponat.
483 1003 677 1053 Exempla
708 1004 784 1042 huc
807 1003 962 1042 faciunt
986 1003 1153 1041 Aristot.
1180 1002 1229 1041 de
1255 1001 1388 1039 mund.
1417 1002 1515 1051 137,
1538 1001 1611 1048 29,

51 1063 147 1113 139,
168 1065 212 1113 6,
251 1065 346 1112 140,
368 1065 441 1112 21,
482 1065 576 1113 143,
601 1065 673 1114 10,
714 1063 809 1113 145,
831 1064 868 1113 2,
892 1064 962 1111 12,
999 1063 1095 1113 146,
1117 1064 1160 1112 7,
1197 1063 1292 1108 158,
1316 1063 1383 1109 11,
1406 1062 1478 1110 15,
1515 1060 1611 1098 Luc.

0 1150 5 1166 2,
47 1123 97 1161 de
121 1122 249 1161 cal..I.
277 1122 314 1162 S.
342 1124 385 1175 2,
407 1124 479 1174 11,
518 1124 564 1172 5,
585 1125 659 1173 25,
702 1122 894 1161 Themist.
923 1123 971 1161 de
996 1122 1089 1162 virt.
1114 1121 1144 1161 Ι.
1172 1121 1209 1160 S.
1239 1122 1311 1172 28,
1333 1122 1408 1171 20,
1441 1121 1611 1170 30,17;

0 1202 3 1227 2
49 1183 117 1232 31,
139 1183 212 1233 15,
239 1184 307 1232 39,
322 1183 366 1233 8,
392 1183 459 1231 43,
482 1183 554 1234 15,
580 1184 649 1232 47,
665 1183 709 1233 9,
736 1182 784 1221 de
803 1182 915 1221 amic.
936 1183 1003 1233 49,
1026 1183 1069 1232 8,
1095 1181 1200 1221 Plut.
1221 1180 1269 1220 de
1290 1181 1416 1221 cohib.
1436 1180 1483 1219 ir.
1505 1181 1551 1219 A.
1573 1179 1612 1218 S.

50 1242 148 1292 187,
171 1243 208 1291 2,
231 1243 297 1281 17.

2 1351 3 1354 ¹
166 1301 226 1341 De
251 1302 427 1353 genitivo
452 1302 557 1353 quod
581 1302 705 1353 probe
730 1302 955 1341 stabilitum
980 1303 1058 1353 est,
1091 1301 1170 1340 nisi
1199 1301 1336 1352 fallor,
1367 1299 1474 1338 idem
1504 1299 1614 1338 cadit

0 1362 3 1400 ἐ
50 1361 91 1400 in
124 1362 471 1411 accusativum,
509 1375 585 1413 quo
618 1363 801 1413 quodque
833 1362 886 1401 sit
916 1362 1119 1412 antiquius
1154 1363 1194 1400 et
1227 1360 1446 1410 simplicius
1484 1371 1612 1410 genus

50 1421 384 1473 conformationis,
410 1435 456 1461 eo
483 1423 640 1472 saepius
666 1423 707 1460 in
726 1421 988 1473 versionibus,
1014 1421 1062 1460 de
1083 1421 1228 1471 quibus
1253 1421 1518 1471 disputamus,
1544 1418 1610 1457 ad-

0 1483 5 1526 ff·
50 1480 188 1521 hiberi.
243 1481 510 1522 Inveniuntur
536 1482 642 1521 enim
666 1483 863 1533 exempla,
896 1481 939 1520 in
964 1481 1107 1532 quibus
1133 1481 1351 1531 obiectum,
1385 1480 1492 1531 quod
1518 1478 1612 1518 dici-

51 1553 151 1590 mus,
175 1543 270 1580 nota
295 1542 510 1582 accusativi
534 1555 697 1592 prorsus
723 1544 876 1593 careat,
909 1543 992 1580 104
1018 1541 1059 1579 in
1083 1541 1208 1580 Arist.
1235 1540 1284 1579 de
1309 1540 1444 1579 mund.
1490 1540 1544 1578 86
1571 1539 1613 1576 in

0 1598 3 1650 J
51 1599 170 1640 Isocr.
195 1601 246 1639 ad
270 1601 383 1641 Dem.
429 1603 482 1641 77
508 1602 550 1641 in
574 1602 671 1641 Luc.
695 1602 743 1640 de
769 1602 840 1640 cal.
890 1602 972 1640 152
999 1602 1041 1639 in
1062 1601 1251 1639 Themist.
1279 1600 1327 1638 de
1352 1600 1444 1638 virt.
1491 1600 1546 1638 85
1572 1599 1614 1636 in

0 1657 10 1714 'J
53 1659 245 1700 Themist.
273 1661 321 1700 de
347 1662 461 1700 amic.
506 1662 592 1701 100
616 1662 659 1700 in
676 1661 782 1700 Plut.
808 1661 856 1699 de
883 1673 1007 1700 exerc.
1054 1662 1107 1699 68
1135 1662 1177 1699 in
1197 1660 1303 1698 Plut.
1329 1660 1377 1698 de
1402 1658 1531 1698 cohib.
1554 1658 1614 1708 ir.,

0 1718 6 1765 ὲ
52 1724 93 1764 in
117 1726 260 1776 quibus
287 1727 416 1766 solum
431 1718 490 1764 Q.
521 1727 766 1777 praepositio
797 1726 949 1766 nomini
979 1725 1156 1776 praefixa
1187 1725 1241 1764 sit
1267 1726 1323 1764 32
1347 1725 1390 1763 in
1414 1724 1537 1763 Arist.
1565 1723 1614 1763 de

0 1788 6 1847 ³>
52 1790 185 1828 mund.
230 1791 288 1829 20
318 1790 360 1829 in
389 1792 509 1832 Isocr.
541 1793 590 1832 ad
624 1793 734 1832 Dem.
779 1794 834 1832 23
866 1792 909 1831 in
932 1792 1026 1831 Luc.
1059 1792 1108 1830 de
1140 1791 1213 1830 cal.
1264 1792 1321 1830 54
1352 1791 1394 1828 in
1420 1790 1613 1828 Themist.

6 1904 9 1906 q
52 1849 101 1887 de
124 1849 214 1888 virt.
260 1851 313 1890 39
340 1850 382 1890 in
401 1851 593 1891 Themist.
620 1852 669 1891 de
688 1852 801 1892 amic.
847 1853 902 1892 32
929 1852 971 1891 in
990 1852 1094 1890 Plut.
1122 1851 1170 1890 de
1190 1863 1316 1890 exerc.
1363 1851 1415 1889 21
1444 1850 1484 1888 in
1503 1849 1612 1888 Plut.

0 1910 8 1961 *t*
53 1908 102 1948 de
126 1909 253 1948 cohib.
278 1910 341 1959 ir.‚
374 1911 416 1949 in
440 1912 585 1963 quibus
610 1912 732 1952 verbo
764 1912 927 1951 affixum
954 1912 1017 1960 sit,
1040 1924 1279 1962 pronomen,
1308 1910 1415 1960 quod
1445 1909 1612 1948 dicimus

0 1959 6 1976 ³
53 1967 239 2007 suffixum
270 1970 449 2020 verbale,
481 1972 531 2011 ad
563 1971 760 2012 obiectum
790 1971 832 2010 id
863 1972 1023 2022 quidem
1054 1971 1327 2018 referendum,
1357 1970 1492 2020 ipsum
1518 1982 1612 2008 vero

54 2028 253 2068 obiectum
282 2031 380 2069 nota
413 2031 630 2071 accusativi
660 2035 810 2083 careat,
846 2044 969 2070 unum
1000 2033 1040 2070 in
1066 2031 1190 2071 Arist.
1216 2030 1266 2069 de
1291 2030 1424 2068 mund.
1469 2028 1548 2068 duo
1573 2029 1616 2066 in

56 2087 244 2128 Themist.
271 2089 320 2128 de
345 2090 470 2140 amic„
494 2092 535 2130 in
561 2091 705 2142 quibus
730 2092 905 2142 primum
930 2091 1106 2142 positum
1131 2091 1186 2130 sit
1209 2103 1428 2140 pronomen
1452 2089 1518 2129 vel
1538 2088 1616 2138 ipsi

53 2155 175 2194 verbo
211 2156 277 2215 vel
312 2156 595 2207 praepositioni
620 2149 678 2196 Q.
714 2157 918 2207 suffixum,
961 2159 1154 2207 sequatur
1192 2155 1487 2196 substantivum
1519 2156 1617 2194 nota

53 2221 268 2260 accusativi
296 2221 537 2261 instructum
570 2224 624 2263 56
656 2224 698 2262 in
722 2222 846 2263 Arist.
879 2223 927 2262 de
958 2223 1091 2262 mund.
1138 2224 1163 2262 3
1196 2222 1237 2261 in
1271 2222 1391 2261 Isoer.
1426 2220 1476 2260 ad
1501 2220 1614 2260 Dem.

57 2281 110 2318 11
135 2280 178 2319 in
201 2280 294 2320 Luc.
320 2281 369 2321 de
393 2282 467 2321 cal.
510 2284 564 2322 23
590 2283 633 2321 in
657 2283 851 2323 Themist.
877 2283 925 2322 de
949 2283 1042 2323 virt.
1087 2284 1111 2321 2
1138 2283 1180 2321 in
1205 2282 1399 2321 Themist.
1425 2282 1475 2320 de
1501 2281 1613 2320 amic.

56 2340 81 2378 3
107 2339 150 2378 in
173 2339 280 2380 Plut.
304 2341 354 2380 de
379 2354 505 2380 exerc.
556 2344 608 2381 11
635 2342 678 2381 in
701 2342 808 2382 Plut.
834 2343 883 2382 de
908 2343 1035 2382 cohib.
1059 2342 1106 2381 ir.
1156 2342 1268 2380 Inter
1298 2341 1460 2381 nomina
1485 2340 1613 2379 deter-

55 2398 206 2439 minata
239 2403 279 2440 et
307 2400 616 2441 indeterminata
652 2404 807 2442 certum
841 2402 1055 2442 discrimen
1093 2402 1224 2452 quoad
1260 2401 1615 2441 conformationem

56 2459 268 2499 accusativi
293 2462 334 2500 et
358 2463 543 2501 constans
568 2474 712 2512 parum
737 2462 878 2502 elucet.
905 2483 961 2489 -—
987 2462 1097 2501 Haec
1122 2461 1284 2512 quidem
1318 2461 1367 2500 de
1392 2460 1614 2500 conforma-

56 2517 162 2559 tione
187 2531 324 2559 eorum
349 2521 611 2570 obiectorum,
642 2534 743 2572 quae
770 2534 817 2560 ex
840 2522 1068 2562 nominibus
1094 2523 1289 2561 constant.
1342 2520 1456 2566 Quod
1487 2520 1538 2558 ad
1570 2532 1618 2559 ea

8 2598 19 2621 a:
57 2578 213 2629 attinet,
237 2592 338 2631 quae
363 2593 411 2620 ex
434 2581 733 2632 pronominibus
758 2582 1034 2631 personalibus
1060 2583 1264 2629 constant,
1290 2592 1387 2619 usus
1412 2579 1613 2630 pronomi-

57 2649 151 2677 num
175 2638 254 2689 ipsi
277 2640 399 2680 verbo
426 2641 658 2681 suffixorum
682 2641 724 2679 in
748 2641 946 2692 omnibus,
973 2654 1071 2692 quas
1097 2643 1337 2688 tractamus,
1363 2639 1617 2679 versionibus

58 2698 311 2748 parcissimus
343 2703 415 2739 est.
463 2700 678 2740 Infinitivis
709 2702 751 2739 et
779 2701 1000 2751 participiis
1032 2712 1235 2751 nunquam
1267 2699 1491 2750 affiguntur
1529 2712 1619 2748 pro-

8 2752 29 2814 ξ
58 2757 226 2796 nomina.
268 2757 481 2811 Ceteroqui
505 2760 686 2810 exempla
711 2762 806 2799 sunt
829 2762 1106 2810 pronominum
1130 2760 1209 2809 ipsi
1231 2759 1354 2799 verbo
1381 2758 1615 2798 suffixorum

62 2817 87 2855 1
110 2816 291 2859 inArist.
310 2819 360 2858 de
378 2819 511 2858 mund.
557 2821 580 2858 9
608 2819 651 2857 in
668 2819 787 2858 Isocr.
814 2820 864 2858 ad
882 2820 994 2859 Dem.
1042 2822 1093 2858 11
1122 2819 1164 2858 in
1183 2818 1278 2858 Luc.
1305 2818 1354 2858 de
1379 2819 1450 2858 cal.
1493 2819 1547 2856 26
1574 2818 1617 2855 in

61 2875 251 2917 Themist.
280 2879 329 2918 de
359 2879 450 2918 virt.
496 2880 550 2918 14
583 2880 624 2917 in
649 2878 841 2919 Themist.
874 2879 922 2918 de
955 2879 1067 2918 amic.
1113 2880 1166 2916 21
1200 2877 1243 2916 in
1271 2877 1378 2917 Plut.
1413 2878 1460 2916 de
1494 2889 1619 2916 exerc.

10 2986 12 2990 μ
63 2941 87 2980 2
113 2941 156 2982 in
177 2942 287 2986 Plut.
309 2944 358 2983 de
383 2944 509 2984 cohib.
534 2944 580 2983 ir.
611 2943 844 2984 suffixorum
868 2947 987 2985 notae
1012 2943 1227 2984 accusativi
1237 2936 1306 2983 Q.
1354 2944 1407 2982 16
1433 2943 1475 2982 in
1498 2942 1620 2981 Isocr.

1265 3013 1338 3051 27*
