1820 3126
577 155 870 199 Lucubrationes
896 154 1180 200 Syro-Graecae.
1567 155 1654 198 483

219 271 286 311 87.
316 268 488 320 „Turpis
515 271 576 309 est
600 269 815 322 garrulitas
841 270 882 308 et
905 268 1010 307 risus
1036 268 1193 318 ineptus
1219 268 1363 308 vitium
1388 269 1538 308 malum
1558 266 1655 308 est.“

215 330 357 369 Altera
376 330 597 368 sententiae
615 342 709 380 pars
729 331 791 368 est
808 328 975 368 Monost.
990 329 1044 368 88
1071 326 1208 375 γέλω(
1227 324 1399 378 ἄκαιρος
1419 326 1467 368 ἐν
1489 329 1656 379 βροτοῖς

101 386 244 429 δεινὸν
268 385 397 429 κακόν
423 388 584 439 Syriaco
609 387 805 439 expressa.

217 450 285 489 88.
316 448 625 500 „Adulationem
651 461 807 499 semper
832 446 1075 488 contemne.“

215 507 325 548 Conf.
351 508 497 558 Diphil.
523 509 598 559 frg.
620 510 687 548 24.

216 569 283 609 89.
315 567 554 617 „Garrulum
580 581 734 619 sperne,
761 568 829 619 qui
853 568 1083 618 interpellat
1108 570 1150 607 et
1173 569 1346 608 multum
1371 565 1584 620 loquitur.“

216 627 326 668 Conf.
353 629 454 668 Men.
479 629 556 680 frg.
578 630 675 678 628,
703 630 807 679 682;
840 628 969 667 Plaut.
998 628 1104 668 Trin.
1130 642 1166 668 v.
1190 631 1271 669 199
1294 642 1323 668 8.
1345 641 1392 680 8.;
1419 628 1529 669 Caec.
1557 629 1656 669 Stat.

96 688 306 739 Hymnidis
331 688 408 738 frg.
432 689 475 739 ὃς
500 689 677 739 Aleiphr.
705 701 764 739 ep.
783 688 846 727 III
866 689 933 728 36.

217 749 283 787 90.
310 745 535 799 ,‚[Verum]‚
562 748 597 787 si
621 748 657 787 ei
683 750 817 788 essent
835 748 971 788 decem
988 747 1099 787 milia
1116 748 1376 800 inimicorum,
1403 749 1501 789 adeo
1521 751 1567 789 ut
1586 762 1658 789 sua

97 807 223 859 ipsius
254 807 394 859 lingua
425 809 462 847 ei
486 821 564 847 non
588 810 794 860 nocerent3
825 808 1000 860 quotidie
1026 821 1115 848 cum
1141 811 1268 848 morte
1294 809 1489 862 luctatur,
1520 811 1657 849 vultus

97 869 133 907 ei
156 880 359 918 nunquam
383 868 522 908 hilaris
548 871 610 907 est
632 870 797 919 propter
823 881 1034 918 sermones,
1059 868 1204 919 quibus
1231 869 1502 921 obiurgatur.“

214 926 325 968 Conf.
349 927 517 967 Monost.
539 930 636 969 209.

216 990 284 1028 91.
315 987 451 1038 „Nihil
476 990 537 1027 est
562 988 722 1028 silentio
747 985 988 1039 pulchrius.“

218 1049 284 1087 92.
315 1048 608 1099 „Taciturnitas
636 1061 790 1098 semper
814 1049 980 1099 pulchra
1005 1046 1100 1087 est.“

217 1109 283 1147 93.
315 1108 472 1157 „Etiam
498 1109 649 1147 stultus
674 1110 810 1148 tacens
835 1122 908 1159 pro
934 1108 1111 1158 sapiente
1136 1107 1345 1148 habetur.“

215 1166 326 1207 Conf.
351 1167 453 1207 Men.
479 1168 525 1207 fr.
550 1169 646 1219 758,
674 1169 771 1216 783,
794 1169 920 1220 1103,
942 1170 1069 1219 1104,
1091 1170 1223 1220 1105;
1249 1169 1419 1208 Monost.
1442 1171 1538 1222 221,
1560 1171 1658 1222 222,

101 1229 203 1278 477;
227 1227 384 1267 Iuvent.
407 1228 483 1278 frg.
508 1228 908 1279 Anagnorizomenes.

217 1289 284 1326 94.
316 1287 529 1339 „Animum
553 1290 669 1327 tuum
694 1301 744 1327 ne
768 1301 938 1339 usquam
963 1286 1189 1328 deieceris.“

217 1346 329 1386 Servi
354 1348 540 1386 videntur
563 1348 687 1388 verba
710 1348 835 1387 fuisse
861 1348 997 1387 erilem
1020 1348 1147 1387 filium
1172 1350 1425 1389 consolantis.

220 1407 287 1446 95.
319 1403 437 1458 ,‚[Et]
475 1409 516 1446 in
546 1408 651 1447 bello
682 1421 731 1447 ne
763 1409 893 1447 animo
925 1409 1132 1460 defeceris3
1167 1422 1258 1448 nam
1292 1410 1326 1448 si
1358 1410 1447 1461 quis
1479 1410 1520 1448 in
1551 1411 1658 1450 bello

100 1466 230 1504 animo
249 1479 327 1505 non
347 1467 537 1507 defecerit
555 1468 625 1507 sed
643 1469 763 1506 morti
783 1481 824 1507 se
844 1468 929 1518 ipse
949 1469 1152 1520 obtulerit,
1177 1469 1268 1509 ilico
1282 1469 1391 1509 vivet
1405 1464 1480 1524 (=
1495 1465 1657 1523 partic.)

36 1566 44 1573 ,
100 1527 141 1564 et
165 1526 310 1565 famam
335 1526 480 1566 bonam
506 1528 682 1568 inveniet
707 1530 748 1566 et
771 1527 1037 1568 laudabitur.“

215 1586 356 1625 Militis
382 1587 548 1638 gloriosi
572 1588 745 1627 fortasse
769 1588 892 1627 verba
918 1590 1041 1627 erant.

139 1704 163 1743 d
188 1647 284 1744 b96.
317 1644 430 1723 ‚3[Et]
458 1647 492 1686 si
517 1647 606 1698 quis
631 1648 840 1698 impudens
865 1647 907 1687 in
931 1648 992 1687 ius
1018 1649 1112 1688 ierit
1131 1650 1172 1688 et
1190 1650 1347 1689 locutus
1368 1650 1502 1701 fuerit,
1526 1650 1657 1690 iustus

97 1705 136 1743 vi
166 1718 186 1744 e
215 1706 319 1746 itur!

218 1767 287 1805 97.
318 1766 515 1817 „Divitiae
535 1767 687 1807 otiosae
705 1768 885 1818 potentia
905 1770 1010 1818 sunt,
1031 1769 1099 1808 sed
1113 1782 1193 1809 non
1206 1782 1342 1809 omnes
1355 1770 1405 1809 iis
1419 1769 1480 1809 uti
1494 1766 1659 1809 sciunt.“

216 1824 326 1870 Gonf.
352 1826 454 1865 Men.
480 1827 554 1878 frg.
578 1829 674 1867 114.

217 1886 283 1924 98.
315 1885 381 1937 „Si
407 1887 495 1937 quis
520 1889 700 1926 ventrem
726 1900 841 1926 suum
867 1888 1171 1939 amplificaverit
1190 1884 1267 1943 (=
1288 1890 1395 1929 altus
1415 1885 1657 1944 incesserit),

95 1944 304 1996 morietur,
337 1948 392 1996 et,
427 1947 460 1985 si
491 1946 580 1986 finis
614 1947 822 1988 immemor
851 1948 992 1999 fuerit,
1023 1949 1181 1998 peribit.
1232 1948 1382 1990 Contra
1415 1950 1449 1989 si
1476 1954 1676 2000 ventrem,

95 2007 209 2043 tuum
234 2007 396 2055 repente
422 2006 610 2046 ditaveris
637 2009 678 2046 et
702 2007 791 2047 finis
817 2021 967 2048 memor
986 2009 1123 2060 fueris,
1148 2009 1248 2048 bene
1274 2008 1477 2050 habebis.“

215 2063 420 2115 Scriptura
445 2065 607 2117 Syriaca
636 2068 678 2106 in
709 2067 838 2107 altera
868 2070 1090 2108 sententiae
1121 2071 1237 2119 parte
1270 2083 1369 2109 sana
1394 2082 1481 2110 esse
1506 2070 1658 2122 nequit.

97 2123 175 2164 Sed
200 2126 350 2164 certam
373 2125 568 2165 medelam
593 2139 680 2166 11011
696 2127 841 2167 inveni.

217 2185 282 2224 99.
314 2185 495 2237 „Bonum
521 2188 582 2225 est
605 2186 795 2226 iudicium
822 2183 897 2242 (=
918 2185 1067 2238 καίπερ
1093 2201 1125 2228 0.
1150 2183 1292 2244 part.);
1319 2202 1415 2230 cave
1439 2190 1515 2229 tibi
1540 2203 1590 2229 ne
1610 2190 1658 2230 de

0 2224 22 2283 ,ἐξ
96 2243 180 2283 viro
207 2244 331 2283 stulto
356 2245 431 2284 tibi
455 2245 710 2285 iudicandum
736 2247 805 2296 sit,
834 2248 945 2300 quia,
971 2251 1011 2288 et
1037 2250 1070 2288 si
1095 2249 1295 2289 adiuveris
1322 2251 1491 2289 stultum
1515 2251 1558 2289 in
1583 2251 1654 2290 lite

4 2325 15 2359 ‚¹
97 2303 199 2355 eius,
229 2305 471 2344 contumelia
500 2306 542 2344 te
566 2306 798 2356 insequetur
823 2310 864 2346 et
887 2308 1010 2359 vulgo
1038 2309 1158 2348 dicet:
1192 2305 1283 2349 ‘Hic
1308 2323 1371 2348 me
1397 2306 1657 2350 damnavit'.“

213 2364 407 2404 Advocati
439 2365 623 2405 videntur
652 2367 776 2406 verba.
804 2379 908 2419 esse,
939 2369 1008 2418 qui
1033 2381 1166 2409 secum
1191 2370 1277 2419 ipse
1303 2370 1491 2421 loquitur.
1544 2369 1655 2409 Conf.

5 2399 29 2496 ξ
98 2423 228 2463 Plaut.
255 2423 384 2463 Oasin.
410 2438 447 2464 v.
469 2426 551 2464 563
574 2438 604 2464 8.
624 2437 653 2464 s.

217 2485 311 2523 100.
343 2483 468 2536 „Cum
496 2485 602 2524 malo
632 2485 718 2525 viro
749 2487 831 2526 noli
861 2487 977 2527 edere
1002 2483 1080 2542 (=
1099 2489 1181 2528 noli
1214 2502 1305 2528 eum
1337 2490 1388 2528 ad
1420 2502 1558 2528 cenam
1586 2502 1654 2530 vo-

96 2537 221 2595 care);
257 2545 329 2582 tua
359 2544 465 2583 enim
496 2545 579 2584 edit
609 2546 650 2584 et
675 2539 751 2599 (=
777 2549 879 2596 part.
906 2543 1026 2602 aon),
1066 2562 1145 2599 qua
1176 2552 1238 2589 est
1268 2549 1439 2598 malitia,
1478 2550 1585 2588 mala
1615 2551 1658 2588 et

4 2607 14 2651 ᾗ
96 2602 232 2652 turpia
256 2603 304 2642 de
328 2604 369 2642 te
394 2602 607 2655 loquiturf‘

217 2663 312 2702 101.
345 2664 547 2715 „Mulieris
572 2664 781 2715 linguosae
806 2667 1053 2707 sermonibus
1077 2680 1126 2707 ne
1153 2668 1441 2707 auscultaveris
1468 2670 1520 2720 et,
1547 2669 1582 2707 si
1607 2669 1654 2708 de

99 2721 262 2772 coniuge
293 2734 425 2762 coram
456 2725 498 2763 te
529 2727 747 2775 conquesta.
778 2726 872 2777 erit,
902 2739 952 2766 ne
983 2727 1102 2767 fidem
1129 2728 1165 2766 ei
1191 2728 1434 2779 adiunxeris,
1466 2725 1562 2779 quia
1586 2729 1655 2768 ille

98 2792 176 2820 non
201 2784 339 2821 contra.
362 2782 481 2822 istam
505 2786 659 2834 peccat,
690 2784 759 2823 sed
783 2784 862 2840 ista.
886 2786 1027 2838 lingua
1052 2800 1124 2826 sua
1150 2788 1255 2825 mala
1279 2787 1341 2825 illi
1363 2788 1534 2827 molesta
1559 2788 1657 2828 est.“

217 2839 325 2881 Conf.
370 2855 418 2882 ea
460 2856 561 2894 quae
606 2856 726 2882 senex
763 2844 906 2884 docens
944 2846 1146 2886 inducitur
1183 2847 1288 2896 apud
1326 2847 1515 2886 Plautum
1552 2848 1656 2887 Men.

98 2910 134 2938 v.
158 2900 238 2939 757
260 2913 290 2940 s.
309 2913 350 2951 s.,
380 2903 462 2942 779
485 2916 515 2943 8.
536 2916 566 2942 s.

223 2961 316 3000 102.
349 2961 472 3013 „Cum
498 2975 556 3014 eo,
582 2963 651 3014 qui
674 2963 828 3003 viribus
854 2966 894 3003 te
920 2966 1095 3016 superat,
1121 2966 1204 3004 noli
1228 2967 1381 3005 certare
1409 2969 1459 3014 et,
1486 2967 1519 3005 si
1544 2967 1655 3005 insti-

1300 3035 1339 3066 31
1353 3032 1373 3053 *
