1820 3126
243 116 328 159 458
412 93 419 121 ί
858 118 899 153 A.
921 118 1153 154 Baumstarkz

358 227 430 266 XV
451 229 546 274 426,
570 230 620 268 19
648 228 782 280 ΤοΙΙίἰ,
812 241 927 279 quem
958 241 1091 268 omnes
1124 229 1292 268 editores
1323 228 1446 268 secuti
1472 230 1580 278 sunt,
1611 224 1769 277 τρωτό(

243 299 314 337 pro
341 281 597 339 npffl16c⁶⁰⁵),

359 345 473 383 XVII
499 346 595 395 426,
616 346 669 384 32
702 345 888 395 Madvigii
922 343 1085 394 μεγίετη
1123 343 1226 384 ποτὲ
1263 344 1406 384 πα(ῶν
1442 342 1494 394 ἦν
1525 343 1697 394 διαβολὴ
1735 342 1770 384 εἰ

242 400 409 451 λέγοιτό
440 414 499 442 τι(
531 416 600 453 pro
632 401 796 453 μεγίετη
827 402 930 443 ποτὲ
963 404 1106 443 παεῶν
1132 401 1183 442 ἂν
1207 402 1378 452 διαβολὴ
1405 399 1451 456 (Γ
1477 400 1639 451 μεγὶ(τη
1666 401 1768 442 ποτὲ

243 461 606 573 διαβολὴόπαεξέἔ)
625 459 676 501 ἂν
715 462 746 508 Q
772 459 935 512 μεγίετη
968 459 1020 501 ἄν
1053 474 1154 502 ποτε
1181 459 1353 501 ἁπαεῶν
1378 458 1568 514 διαβολὴ)
1594 459 1771 510 λέγοιτο,

244 518 279 559 εἰ
305 518 416 560 ἕλοιτ
468 531 527 559 τι(
610 551 618 569 ,

360 579 454 617 XXI
474 580 569 628 428,
590 580 613 618 5
641 579 811 618 Bekkeri
835 577 940 627 πρὸ(
966 576 1040 618 οὗ(
1066 593 1135 628 pro
1161 576 1267 628 πρὸ(
1290 573 1455 631 τὰεῦθῗ),

357 637 487 675 XXIV
507 638 603 688 428,
623 639 675 676 29
714 638 884 676 Bekkeri
919 637 1005 676 τῶν
1045 634 1403 685 ἀπολογουμένων
1439 649 1508 685 pro
1543 635 1628 675 τῶν
1665 632 1769 675 ἀπο-

243 694 513 743 λογουμένων
537 694 563 744 ἢ
587 695 674 735 τῶν
699 691 1128 747 διαβαλλομένωνθῦδ),

360 753 489 793 XXVI
512 755 608 805 429,
628 756 678 793 31
704 768 732 793 s.
758 754 895 793 Cobeti
922 751 1126 803 ὁμαίχμου
1151 766 1222 803 pro
1248 747 1511 805 ὁμαίμου.669)

358 813 464 851 Haec
496 812 617 862 siquis
649 813 960 862 perpensaverit,
994 812 1171 862 protinus
1196 812 1398 861 concedet,
1429 811 1582 860 opinor,
1613 811 1770 849 maximi

242 871 428 910 momenti
463 883 548 910 esse
578 872 619 910 in
649 871 889 910 emendando
919 871 1053 909 libello
1084 871 1277 909 Lucianeo
1308 870 1525 908 versionem
1559 868 1770 918 Syriacam,

245 942 354 980 quae,
381 930 415 968 si
439 930 499 968 vel
519 930 642 968 solam
661 931 852 968 rationem
871 930 1013 968 aetatis
1033 932 1262 978 spectamus,
1288 940 1420 967 omnes
1439 927 1601 966 Luciani
1621 926 1770 966 codices

243 989 360 1038 longe
380 988 593 1038 praecellit.
634 988 804 1038 Accedit,
829 991 885 1035 ut,
909 1000 1008 1038 quae
1027 1000 1149 1026 novae
1168 987 1257 1026 inde
1275 987 1523 1025 innotescunt
1542 986 1770 1034 scripturae,

244 1059 378 1086 omnes
412 1048 482 1085 aut
514 1059 585 1097 per
616 1059 657 1086 se
689 1047 768 1085 sint
798 1047 972 1097 adprime
1003 1045 1328 1084 commendabiles
1360 1047 1430 1083 aut
1459 1045 1517 1083 ita
1541 1046 1647 1083 certe
1671 1056 1770 1082 com-

243 1108 422 1155 paratae,
452 1108 498 1144 ut
527 1106 640 1144 facile
671 1118 757 1156 eae,
788 1118 886 1155 quae
917 1106 957 1143 in
982 1105 1177 1143 codicibus
1204 1103 1362 1142 Graecis
1387 1104 1589 1153 leguntur,
1622 1115 1667 1141 ex
1694 1103 1771 1140 illis

242 1165 439 1214 corrumpi
473 1164 681 1213 potuerint.
732 1163 807 1202 Sed
839 1164 1015 1215 singulas
1047 1174 1316 1202 recenseamus
1347 1161 1565 1211 apographi
1591 1160 1771 1211 Sergiani

244 1225 284 1262 et
308 1236 453 1271 eorum,
479 1223 546 1272 qui
572 1222 782 1261 examinati
808 1224 910 1271 sunt,
936 1222 1124 1260 librorum
1151 1223 1393 1260 servatorum
1419 1220 1709 1270 discrepantias.

359 1281 417 1319 Ac
448 1282 615 1330 primum
647 1281 804 1330 quidem
833 1293 920 1319 non
950 1292 1098 1331 pauca
1127 1280 1389 1329 praebebat
1419 1278 1445 1316 S
1476 1291 1499 1317 a
1529 1278 1771 1316 codicibus

243 1340 467 1387 servatis,
504 1342 728 1388 quantum
765 1339 950 1389 quidem
987 1338 1192 1377 iudicari
1227 1339 1403 1387 potest,
1443 1337 1617 1386 aliena,
1655 1349 1771 1386 quae

242 1399 421 1437 nullam
446 1398 838 1447 interpolationis
865 1398 1179 1447 suspicionem
1203 1398 1461 1446 moverent,
1487 1395 1636 1434 scilicet

360 1457 379 1494 I
399 1458 495 1506 422,
517 1458 540 1495 9
567 1454 633 1495 καὶ
657 1453 781 1505 γάμοι
807 1454 1052 1504 διελύθηεαν
1077 1457 1166 1505 post
1190 1451 1479 1503 (υνεχύθηων,
1505 1466 1620 1504 quam
1641 1453 1773 1492 matri-

243 1515 364 1554 monii
395 1516 649 1564 mentionem,
680 1516 755 1554 nisi
786 1515 916 1554 omnia
944 1528 1006 1554 me
1039 1515 1199 1565 fallunt,
1229 1513 1329 1563 legit
1353 1513 1469 1552 etiam
1495 1512 1677 1560 Photius,
1706 1513 1772 1561 qui

246 1575 371 1613 totum
398 1575 526 1612 locum
552 1574 787 1623 expressisse
812 1574 968 1613 videtur
991 1574 1033 1612 in
1057 1573 1225 1622 epistola
1243 1572 1293 1610 ad
1311 1572 1539 1610 Michae'lem
1560 1571 1772 1620 Bulgariae

243 1633 458 1682 principem
477 1633 570 1671 data
587 1627 738 1685 39⁶⁷⁰):
765 1629 880 1681 χείλη
900 1630 945 1671 δὲ
965 1630 1175 1680 κατήγορα
1193 1628 1259 1669 καὶ
1278 1626 1553 1679 (υκοφαντίαε
1572 1625 1770 1677 ἀποετρέ-

244 1700 347 1739 φου·
389 1687 589 1729 πολλάκι(
625 1688 706 1738 γὰρ
749 1691 901 1729 παῖδα(
932 1687 1036 1729 κατὰ
1066 1688 1261 1738 πατέρων
1294 1686 1362 1727 καὶ
1390 1687 1573 1736 πατέρα(
1602 1685 1771 1736 ἐξέμηνε

245 1747 349 1788 κατὰ
385 1747 548 1788 παίδων
584 1747 650 1788 καὶ
683 1746 772 1798 βίου
803 1745 931 1797 ἔεχιεε
967 1745 1157 1795 (υζυγία(
1187 1745 1254 1786 καὶ
1283 1747 1494 1794 (υγγενεῖε
1525 1744 1772 1793 ἐπανέετηεε

246 1803 339 1847 κατ’
365 1804 578 1857 ἀλλήλων·
615 1806 681 1846 καὶ
705 1805 743 1846 τί
768 1807 895 1855 λέγω·
927 1804 1071 1846 πόλει(
1095 1803 1199 1846 ὅλα(
1223 1803 1290 1844 καὶ
1317 1802 1446 1844 οἰκία(
1471 1801 1676 1852 ἀνέτρεψε
1703 1801 1773 1851 μία

245 1865 367 1915 φωνὴ
403 1863 668 1915 (υκοφάντου
702 1861 818 1918 (conf.
851 1867 898 1905 de
930 1862 1118 1913 (υζυγίαε
1148 1864 1304 1903 notione
1335 1863 1530 1902 Aristaen.
1557 1876 1616 1912 ep.
1641 1863 1679 1900 II
1699 1864 1771 1911 223

245 1925 436 1975 Epiphan.
456 1925 477 1963 I
500 1938 536 1974 p.
560 1926 669 1964 1062
680 1925 715 1973 d,
738 1926 847 1964 1074
856 1937 886 1963 c.
907 1925 949 1974 d,
974 1924 1084 1962 Paul.
1105 1923 1173 1961 Sil.
1192 1923 1232 1960 in
1251 1923 1412 1961 Anthol.
1431 1922 1514 1959 Pal.
1529 1921 1562 1958 V
1579 1922 1658 1959 221
1675 1933 1711 1959 v.
1726 1922 1774 1970 43

243 1984 388 2034 Agat-h.
414 1983 508 2022 ibid.
528 1983 606 2021 VH
625 1985 707 2022 572
730 1997 764 2022 v.
785 1985 828 2032 63
854 1983 888 2020 X
909 1983 961 2022 68
984 1996 1018 2021 v.
1040 1976 1177 2035 6)⁶⁷¹),

358 2042 396 2080 V
414 2043 511 2089 423,
532 2043 556 2081 8
578 2055 606 2080 s.
631 2052 692 2080 τι(
716 2043 806 2091 post
829 2035 1021 2093 ἀνήρθη),

359 2101 437 2139 VII
456 2102 553 2151 423,
574 2102 627 2139 32
660 2096 907 2139 ἀνακτᾶεθαι
938 2103 1028 2149 post
1056 2096 1155 2137 τοὺ(
1186 2095 1354 2146 φίλουε,
1393 2097 1466 2148 ita,
1496 2102 1541 2135 ut
1571 2097 1771 2146 interpun—

244 2161 414 2210 gendum
454 2162 558 2198 esset
597 2154 689 2197 ἀλλ’
722 2155 830 2196 ἔετιν
864 2154 1035 2205 ἀγαθῶν
1068 2153 1251 2204 ἀνδρῶν,
1292 2151 1371 2204 ἀφ’
1406 2151 1467 2195 ὧν
1502 2151 1549 2194 εὖ
1583 2154 1771 2194 ποιοῦειν

244 2215 374 2266 αὐτοί,
399 2216 497 2256 τοὺ(
522 2214 673 2265 φίλου(
698 2211 1033 2268 dvaxfficemffl),

360 2276 457 2314 VIII
473 2277 568 2325 423,
584 2277 638 2315 34
659 2272 881 2323 ἄνθρωπος
900 2277 989 2325 post
1008 2270 1148 2313 ἄδικο(
1169 2270 1286 2324 (conf.
1301 2273 1394 2311 Luc.
1409 2271 1455 2311 de
1468 2271 1539 2310 cal.
1551 2273 1594 2322 7;
1620 2271 1716 2310 Tim
1731 2274 1773 2320 7;

245 2336 337 2384 gall.
359 2336 430 2384 18,
457 2335 565 2372 Alex.
588 2328 752 2386 17)⁶⁷4),

364 2393 438 2431 XII
459 2394 556 2441 425,
577 2393 630 2431 24
655 2392 730 2430 τοῦ
756 2389 1082 2430 δυναετεύοντο(
1107 2391 1210 2428 inter
1233 2390 1305 2438 τῆ(
1326 2392 1365 2428 et
1384 2385 1524 2437 φιλία(
1543 2383 1661 2441 (conf.
1681 2387 1774 2426 Luc.

248 2452 293 2490 de
318 2452 388 2490 cal.
413 2453 466 2490 10
490 2448 563 2489 τὰ(
587 2450 673 2489 τῶν
698 2446 917 2498 ἀρχόντων
942 2447 1008 2488 καὶ
1032 2444 1371 2488 δυνα(τευόντων
1396 2441 1646 2499 φιλία()6”5),

363 2510 438 2548 XII
458 2511 555 2559 425,
575 2510 625 2547 31
655 2509 728 2557 τῆ(
752 2505 864 2556 νίκη(
889 2511 980 2557 post
1003 2502 1242 2559 ἐλπίδαθΊθ),

362 2569 452 2607 XIV
472 2569 642 2617 426,16
669 2563 727 2605 ὡ(
751 2570 841 2616 post
866 2560 1078 2619 5096c577),

362 2627 452 2665 XVI
474 2628 570 2676 426,
591 2627 643 2664 28
676 2621 795 2664 οἶνον
826 2627 917 2663 ante
948 2621 1037 2663 ἔπιέ
1069 2635 1131 2672 τε,
1169 2623 1271 2674 quod
1295 2622 1358 2661 vel
1382 2621 1576 2660 sententia
1599 2621 1775 2670 postulat

247 2682 364 2738 (conf.
391 2683 505 2733 ὕδωρ
530 2695 574 2723 τε
600 2681 709 2723 πίνει
733 2678 1065 2735 oppositum)⁶⁷⁸),

361 2744 494 2782 XVIII
515 2744 684 2793 427,12
710 2738 789 2790 γὰρ
813 2743 904 2792 post
927 2735 1114 2809 rore⁶⁷⁹)3

363 2802 432 2839 XX
454 2803 550 2850 427,
571 2803 624 2840 36
657 2797 767 2839 ὅλω(
798 2800 901 2838 inter
926 2797 973 2838 ὃ(
999 2802 1041 2838 et
1064 2796 1140 2838 οὐκ
1165 2795 1217 2838 ἂν
1241 2794 1399 2845 ἐνδοίη,
1430 2796 1533 2846 quod
1557 2798 1597 2834 et
1621 2798 1775 2834 senten·

246 2862 325 2900 tiae
350 2863 557 2910 peraptum
584 2863 644 2898 est
668 2862 709 2898 et
732 2858 915 2909 perfacile
940 2860 1098 2908 poterat
1121 2859 1211 2908 post
1233 2853 1280 2896 ὃ(
1305 2849 1569 2908 excideram),
